%YAML 1.1
%TAG !u! tag:unity3d.com,2011:
--- !u!29 &1
OcclusionCullingSettings:
  m_ObjectHideFlags: 0
  serializedVersion: 2
  m_OcclusionBakeSettings:
    smallestOccluder: 5
    smallestHole: 0.25
    backfaceThreshold: 100
  m_SceneGUID: 00000000000000000000000000000000
  m_OcclusionCullingData: {fileID: 0}
--- !u!104 &2
RenderSettings:
  m_ObjectHideFlags: 0
  serializedVersion: 9
  m_Fog: 0
  m_FogColor: {r: 0.5, g: 0.5, b: 0.5, a: 1}
  m_FogMode: 3
  m_FogDensity: 0.01
  m_LinearFogStart: 0
  m_LinearFogEnd: 300
  m_AmbientSkyColor: {r: 0.212, g: 0.227, b: 0.259, a: 1}
  m_AmbientEquatorColor: {r: 0.114, g: 0.125, b: 0.133, a: 1}
  m_AmbientGroundColor: {r: 0.047, g: 0.043, b: 0.035, a: 1}
  m_AmbientIntensity: 1
  m_AmbientMode: 3
  m_SubtractiveShadowColor: {r: 0.42, g: 0.478, b: 0.627, a: 1}
  m_SkyboxMaterial: {fileID: 0}
  m_HaloStrength: 0.5
  m_FlareStrength: 1
  m_FlareFadeSpeed: 3
  m_HaloTexture: {fileID: 0}
  m_SpotCookie: {fileID: 10001, guid: 0000000000000000e000000000000000, type: 0}
  m_DefaultReflectionMode: 0
  m_DefaultReflectionResolution: 128
  m_ReflectionBounces: 1
  m_ReflectionIntensity: 1
  m_CustomReflection: {fileID: 0}
  m_Sun: {fileID: 0}
  m_IndirectSpecularColor: {r: 0, g: 0, b: 0, a: 1}
  m_UseRadianceAmbientProbe: 0
--- !u!157 &4
LightmapSettings:
  m_ObjectHideFlags: 0
  serializedVersion: 12
  m_GIWorkflowMode: 1
  m_GISettings:
    serializedVersion: 2
    m_BounceScale: 1
    m_IndirectOutputScale: 1
    m_AlbedoBoost: 1
    m_EnvironmentLightingMode: 0
    m_EnableBakedLightmaps: 0
    m_EnableRealtimeLightmaps: 0
  m_LightmapEditorSettings:
    serializedVersion: 12
    m_Resolution: 2
    m_BakeResolution: 40
    m_AtlasSize: 1024
    m_AO: 0
    m_AOMaxDistance: 1
    m_CompAOExponent: 0
    m_CompAOExponentDirect: 0
    m_ExtractAmbientOcclusion: 0
    m_Padding: 2
    m_LightmapParameters: {fileID: 0}
    m_LightmapsBakeMode: 1
    m_TextureCompression: 1
    m_FinalGather: 0
    m_FinalGatherFiltering: 1
    m_FinalGatherRayCount: 1024
    m_ReflectionCompression: 2
    m_MixedBakeMode: 1
    m_BakeBackend: 0
    m_PVRSampling: 1
    m_PVRDirectSampleCount: 32
    m_PVRSampleCount: 512
    m_PVRBounces: 2
    m_PVREnvironmentSampleCount: 512
    m_PVREnvironmentReferencePointCount: 2048
    m_PVRFilteringMode: 0
    m_PVRDenoiserTypeDirect: 0
    m_PVRDenoiserTypeIndirect: 0
    m_PVRDenoiserTypeAO: 0
    m_PVRFilterTypeDirect: 0
    m_PVRFilterTypeIndirect: 0
    m_PVRFilterTypeAO: 0
    m_PVREnvironmentMIS: 0
    m_PVRCulling: 1
    m_PVRFilteringGaussRadiusDirect: 1
    m_PVRFilteringGaussRadiusIndirect: 5
    m_PVRFilteringGaussRadiusAO: 2
    m_PVRFilteringAtrousPositionSigmaDirect: 0.5
    m_PVRFilteringAtrousPositionSigmaIndirect: 2
    m_PVRFilteringAtrousPositionSigmaAO: 1
    m_ExportTrainingData: 0
    m_TrainingDataDestination: TrainingData
    m_LightProbeSampleCountMultiplier: 4
  m_LightingDataAsset: {fileID: 0}
  m_LightingSettings: {fileID: 4890085278179872738, guid: 2e4d9bc1f9a5f9849a174eb50bf8bb42, type: 2}
--- !u!196 &5
NavMeshSettings:
  serializedVersion: 2
  m_ObjectHideFlags: 0
  m_BuildSettings:
    serializedVersion: 2
    agentTypeID: 0
    agentRadius: 0.5
    agentHeight: 2
    agentSlope: 45
    agentClimb: 0.4
    ledgeDropHeight: 0
    maxJumpAcrossDistance: 0
    minRegionArea: 2
    manualCellSize: 0
    cellSize: 0.16666667
    manualTileSize: 0
    tileSize: 256
    accuratePlacement: 0
    maxJobWorkers: 0
    preserveTilesOutsideBounds: 0
    debug:
      m_Flags: 0
  m_NavMeshData: {fileID: 0}
--- !u!1 &55186289
GameObject:
  m_ObjectHideFlags: 0
  m_CorrespondingSourceObject: {fileID: 0}
  m_PrefabInstance: {fileID: 0}
  m_PrefabAsset: {fileID: 0}
  serializedVersion: 6
  m_Component:
  - component: {fileID: 55186290}
  - component: {fileID: 55186293}
  - component: {fileID: 55186292}
  - component: {fileID: 55186291}
  m_Layer: 0
  m_Name: Cuttable (4)
  m_TagString: Untagged
  m_Icon: {fileID: 0}
  m_NavMeshLayer: 0
  m_StaticEditorFlags: 0
  m_IsActive: 1
--- !u!4 &55186290
Transform:
  m_ObjectHideFlags: 0
  m_CorrespondingSourceObject: {fileID: 0}
  m_PrefabInstance: {fileID: 0}
  m_PrefabAsset: {fileID: 0}
  m_GameObject: {fileID: 55186289}
  m_LocalRotation: {x: 0, y: 0, z: -0.70728445, w: 0.7069291}
  m_LocalPosition: {x: -6.75, y: 7.18, z: 0}
  m_LocalScale: {x: 3, y: 3, z: 1}
  m_ConstrainProportionsScale: 0
  m_Children: []
  m_Father: {fileID: 1719452529}
  m_RootOrder: 4
  m_LocalEulerAnglesHint: {x: 0, y: 0, z: 0}
--- !u!58 &55186291
CircleCollider2D:
  m_ObjectHideFlags: 0
  m_CorrespondingSourceObject: {fileID: 0}
  m_PrefabInstance: {fileID: 0}
  m_PrefabAsset: {fileID: 0}
  m_GameObject: {fileID: 55186289}
  m_Enabled: 1
  m_Density: 1
  m_Material: {fileID: 0}
  m_IsTrigger: 0
  m_UsedByEffector: 0
  m_UsedByComposite: 0
  m_Offset: {x: -0.00000047683716, y: -0.00000023841858}
  serializedVersion: 2
  m_Radius: 0.37
--- !u!50 &55186292
Rigidbody2D:
  serializedVersion: 4
  m_ObjectHideFlags: 0
  m_CorrespondingSourceObject: {fileID: 0}
  m_PrefabInstance: {fileID: 0}
  m_PrefabAsset: {fileID: 0}
  m_GameObject: {fileID: 55186289}
  m_BodyType: 0
  m_Simulated: 1
  m_UseFullKinematicContacts: 0
  m_UseAutoMass: 0
  m_Mass: 1
  m_LinearDrag: 0
  m_AngularDrag: 0.05
  m_GravityScale: 1
  m_Material: {fileID: 0}
  m_Interpolate: 0
  m_SleepingMode: 1
  m_CollisionDetection: 0
  m_Constraints: 0
--- !u!212 &55186293
SpriteRenderer:
  m_ObjectHideFlags: 0
  m_CorrespondingSourceObject: {fileID: 0}
  m_PrefabInstance: {fileID: 0}
  m_PrefabAsset: {fileID: 0}
  m_GameObject: {fileID: 55186289}
  m_Enabled: 1
  m_CastShadows: 0
  m_ReceiveShadows: 0
  m_DynamicOccludee: 1
  m_StaticShadowCaster: 0
  m_MotionVectors: 1
  m_LightProbeUsage: 1
  m_ReflectionProbeUsage: 1
  m_RayTracingMode: 0
  m_RayTraceProcedural: 0
  m_RenderingLayerMask: 1
  m_RendererPriority: 0
  m_Materials:
  - {fileID: 10754, guid: 0000000000000000f000000000000000, type: 0}
  m_StaticBatchInfo:
    firstSubMesh: 0
    subMeshCount: 0
  m_StaticBatchRoot: {fileID: 0}
  m_ProbeAnchor: {fileID: 0}
  m_LightProbeVolumeOverride: {fileID: 0}
  m_ScaleInLightmap: 1
  m_ReceiveGI: 1
  m_PreserveUVs: 0
  m_IgnoreNormalsForChartDetection: 0
  m_ImportantGI: 0
  m_StitchLightmapSeams: 1
  m_SelectedEditorRenderState: 0
  m_MinimumChartSize: 4
  m_AutoUVMaxDistance: 0.5
  m_AutoUVMaxAngle: 89
  m_LightmapParameters: {fileID: 0}
  m_SortingLayerID: 0
  m_SortingLayer: 0
  m_SortingOrder: 1
  m_Sprite: {fileID: 21300000, guid: 828cb4ea6f696fb4985ab9bcb08b7ae9, type: 3}
  m_Color: {r: 1, g: 1, b: 1, a: 1}
  m_FlipX: 0
  m_FlipY: 0
  m_DrawMode: 0
  m_Size: {x: 1, y: 1}
  m_AdaptiveModeThreshold: 0.5
  m_SpriteTileMode: 0
  m_WasSpriteAssigned: 1
  m_MaskInteraction: 0
  m_SpriteSortPoint: 0
--- !u!1 &61679415
GameObject:
  m_ObjectHideFlags: 0
  m_CorrespondingSourceObject: {fileID: 0}
  m_PrefabInstance: {fileID: 0}
  m_PrefabAsset: {fileID: 0}
  serializedVersion: 6
  m_Component:
  - component: {fileID: 61679416}
  - component: {fileID: 61679419}
  - component: {fileID: 61679418}
  - component: {fileID: 61679417}
  m_Layer: 0
  m_Name: Cuttable (1)
  m_TagString: Untagged
  m_Icon: {fileID: 0}
  m_NavMeshLayer: 0
  m_StaticEditorFlags: 0
  m_IsActive: 1
--- !u!4 &61679416
Transform:
  m_ObjectHideFlags: 0
  m_CorrespondingSourceObject: {fileID: 0}
  m_PrefabInstance: {fileID: 0}
  m_PrefabAsset: {fileID: 0}
  m_GameObject: {fileID: 61679415}
  m_LocalRotation: {x: 0, y: 0, z: -0.70728445, w: 0.7069291}
  m_LocalPosition: {x: 3.88, y: 1.97, z: 0}
  m_LocalScale: {x: 0.3, y: 1.1530039, z: 1}
  m_ConstrainProportionsScale: 0
  m_Children: []
  m_Father: {fileID: 1719452529}
  m_RootOrder: 1
  m_LocalEulerAnglesHint: {x: 0, y: 0, z: 0}
--- !u!61 &61679417
BoxCollider2D:
  m_ObjectHideFlags: 0
  m_CorrespondingSourceObject: {fileID: 0}
  m_PrefabInstance: {fileID: 0}
  m_PrefabAsset: {fileID: 0}
  m_GameObject: {fileID: 61679415}
  m_Enabled: 1
  m_Density: 1
  m_Material: {fileID: 0}
  m_IsTrigger: 0
  m_UsedByEffector: 0
  m_UsedByComposite: 0
  m_Offset: {x: 0, y: 0}
  m_SpriteTilingProperty:
    border: {x: 0, y: 0, z: 0, w: 0}
    pivot: {x: 0.5, y: 0.5}
    oldSize: {x: 8.5, y: 8.5}
    newSize: {x: 1, y: 1}
    adaptiveTilingThreshold: 0.5
    drawMode: 0
    adaptiveTiling: 0
  m_AutoTiling: 0
  serializedVersion: 2
  m_Size: {x: 8.5, y: 8.5}
  m_EdgeRadius: 0
--- !u!50 &61679418
Rigidbody2D:
  serializedVersion: 4
  m_ObjectHideFlags: 0
  m_CorrespondingSourceObject: {fileID: 0}
  m_PrefabInstance: {fileID: 0}
  m_PrefabAsset: {fileID: 0}
  m_GameObject: {fileID: 61679415}
  m_BodyType: 0
  m_Simulated: 1
  m_UseFullKinematicContacts: 0
  m_UseAutoMass: 0
  m_Mass: 1
  m_LinearDrag: 0
  m_AngularDrag: 0.05
  m_GravityScale: 1
  m_Material: {fileID: 0}
  m_Interpolate: 0
  m_SleepingMode: 1
  m_CollisionDetection: 0
  m_Constraints: 0
--- !u!212 &61679419
SpriteRenderer:
  m_ObjectHideFlags: 0
  m_CorrespondingSourceObject: {fileID: 0}
  m_PrefabInstance: {fileID: 0}
  m_PrefabAsset: {fileID: 0}
  m_GameObject: {fileID: 61679415}
  m_Enabled: 1
  m_CastShadows: 0
  m_ReceiveShadows: 0
  m_DynamicOccludee: 1
  m_StaticShadowCaster: 0
  m_MotionVectors: 1
  m_LightProbeUsage: 1
  m_ReflectionProbeUsage: 1
  m_RayTracingMode: 0
  m_RayTraceProcedural: 0
  m_RenderingLayerMask: 1
  m_RendererPriority: 0
  m_Materials:
  - {fileID: 10754, guid: 0000000000000000f000000000000000, type: 0}
  m_StaticBatchInfo:
    firstSubMesh: 0
    subMeshCount: 0
  m_StaticBatchRoot: {fileID: 0}
  m_ProbeAnchor: {fileID: 0}
  m_LightProbeVolumeOverride: {fileID: 0}
  m_ScaleInLightmap: 1
  m_ReceiveGI: 1
  m_PreserveUVs: 0
  m_IgnoreNormalsForChartDetection: 0
  m_ImportantGI: 0
  m_StitchLightmapSeams: 1
  m_SelectedEditorRenderState: 0
  m_MinimumChartSize: 4
  m_AutoUVMaxDistance: 0.5
  m_AutoUVMaxAngle: 89
  m_LightmapParameters: {fileID: 0}
  m_SortingLayerID: 0
  m_SortingLayer: 0
  m_SortingOrder: 1
  m_Sprite: {fileID: 21300000, guid: b79834adeb585104c84d30e7530c3d2b, type: 3}
  m_Color: {r: 1, g: 1, b: 1, a: 1}
  m_FlipX: 0
  m_FlipY: 0
  m_DrawMode: 0
  m_Size: {x: 1, y: 1}
  m_AdaptiveModeThreshold: 0.5
  m_SpriteTileMode: 0
  m_WasSpriteAssigned: 1
  m_MaskInteraction: 0
  m_SpriteSortPoint: 0
--- !u!1 &106754374 stripped
GameObject:
  m_CorrespondingSourceObject: {fileID: 718189611234895896, guid: 4c304d62aa6cec94e9ba91dc251dafee, type: 3}
  m_PrefabInstance: {fileID: 1836228784}
  m_PrefabAsset: {fileID: 0}
--- !u!50 &106754378
Rigidbody2D:
  serializedVersion: 4
  m_ObjectHideFlags: 0
  m_CorrespondingSourceObject: {fileID: 0}
  m_PrefabInstance: {fileID: 0}
  m_PrefabAsset: {fileID: 0}
  m_GameObject: {fileID: 106754374}
  m_BodyType: 0
  m_Simulated: 1
  m_UseFullKinematicContacts: 0
  m_UseAutoMass: 0
  m_Mass: 1
  m_LinearDrag: 0
  m_AngularDrag: 0.05
  m_GravityScale: 1
  m_Material: {fileID: 0}
  m_Interpolate: 0
  m_SleepingMode: 1
  m_CollisionDetection: 0
  m_Constraints: 0
--- !u!60 &106754379
PolygonCollider2D:
  m_ObjectHideFlags: 0
  m_CorrespondingSourceObject: {fileID: 0}
  m_PrefabInstance: {fileID: 0}
  m_PrefabAsset: {fileID: 0}
  m_GameObject: {fileID: 106754374}
  m_Enabled: 1
  m_Density: 1
  m_Material: {fileID: 0}
  m_IsTrigger: 0
  m_UsedByEffector: 0
  m_UsedByComposite: 0
  m_Offset: {x: 0, y: 0}
  m_SpriteTilingProperty:
    border: {x: 0, y: 0, z: 0, w: 0}
    pivot: {x: 0.5, y: 0.5}
    oldSize: {x: 1.82, y: 4.03}
    newSize: {x: 1.82, y: 4.03}
    adaptiveTilingThreshold: 0.5
    drawMode: 0
    adaptiveTiling: 0
  m_AutoTiling: 0
  m_Points:
    m_Paths:
    - - {x: 0.72999996, y: -1.905}
      - {x: 0.79999995, y: -1.8349999}
      - {x: 0.84999996, y: -1.775}
      - {x: 0.9, y: -1.665}
      - {x: 0.90999997, y: -1.635}
      - {x: 0.90999997, y: -1.3249999}
      - {x: 0.83, y: -1.005}
      - {x: 0.81, y: -0.935}
      - {x: 0.66999996, y: -0.375}
      - {x: 0.5, y: 0.295}
      - {x: 0.48, y: 0.375}
      - {x: 0.31, y: 1.045}
      - {x: 0.29, y: 1.125}
      - {x: 0.17999999, y: 1.555}
      - {x: 0.16, y: 1.635}
      - {x: 0.14999999, y: 1.665}
      - {x: 0.099999994, y: 1.775}
      - {x: 0.049999997, y: 1.8349999}
      - {x: -0.02, y: 1.905}
      - {x: -0.08, y: 1.9549999}
      - {x: -0.19, y: 2.0049999}
      - {x: -0.22, y: 2.0149999}
      - {x: -0.53, y: 2.0149999}
      - {x: -0.56, y: 2.0049999}
      - {x: -0.66999996, y: 1.9549999}
      - {x: -0.72999996, y: 1.905}
      - {x: -0.79999995, y: 1.8349999}
      - {x: -0.84999996, y: 1.775}
      - {x: -0.9, y: 1.665}
      - {x: -0.90999997, y: 1.635}
      - {x: -0.90999997, y: 1.3249999}
      - {x: -0.83, y: 1.005}
      - {x: -0.66999996, y: 0.375}
      - {x: -0.65, y: 0.295}
      - {x: -0.48, y: -0.375}
      - {x: -0.45999998, y: -0.45499998}
      - {x: -0.29, y: -1.125}
      - {x: -0.26, y: -1.245}
      - {x: -0.17999999, y: -1.555}
      - {x: -0.16, y: -1.635}
      - {x: -0.13, y: -1.7149999}
      - {x: -0.099999994, y: -1.765}
      - {x: -0.049999997, y: -1.8349999}
      - {x: 0.02, y: -1.905}
      - {x: 0.06, y: -1.935}
      - {x: 0.12, y: -1.9749999}
      - {x: 0.22, y: -2.0149999}
      - {x: 0.53, y: -2.0149999}
      - {x: 0.56, y: -2.0049999}
      - {x: 0.66999996, y: -1.9549999}
      - {x: 0.69, y: -1.935}
--- !u!1 &480236100 stripped
GameObject:
  m_CorrespondingSourceObject: {fileID: 7259547447120841563, guid: 4c304d62aa6cec94e9ba91dc251dafee, type: 3}
  m_PrefabInstance: {fileID: 1836228784}
  m_PrefabAsset: {fileID: 0}
--- !u!50 &480236104
Rigidbody2D:
  serializedVersion: 4
  m_ObjectHideFlags: 0
  m_CorrespondingSourceObject: {fileID: 0}
  m_PrefabInstance: {fileID: 0}
  m_PrefabAsset: {fileID: 0}
  m_GameObject: {fileID: 480236100}
  m_BodyType: 0
  m_Simulated: 1
  m_UseFullKinematicContacts: 0
  m_UseAutoMass: 0
  m_Mass: 1
  m_LinearDrag: 0
  m_AngularDrag: 0.05
  m_GravityScale: 1
  m_Material: {fileID: 0}
  m_Interpolate: 0
  m_SleepingMode: 1
  m_CollisionDetection: 0
  m_Constraints: 0
--- !u!60 &480236105
PolygonCollider2D:
  m_ObjectHideFlags: 0
  m_CorrespondingSourceObject: {fileID: 0}
  m_PrefabInstance: {fileID: 0}
  m_PrefabAsset: {fileID: 0}
  m_GameObject: {fileID: 480236100}
  m_Enabled: 1
  m_Density: 1
  m_Material: {fileID: 0}
  m_IsTrigger: 0
  m_UsedByEffector: 0
  m_UsedByComposite: 0
  m_Offset: {x: 0, y: 0}
  m_SpriteTilingProperty:
    border: {x: 0, y: 0, z: 0, w: 0}
    pivot: {x: 0.5, y: 0.5}
    oldSize: {x: 1.87, y: 4.01}
    newSize: {x: 1.87, y: 4.01}
    adaptiveTilingThreshold: 0.5
    drawMode: 0
    adaptiveTiling: 0
  m_AutoTiling: 0
  m_Points:
    m_Paths:
    - - {x: 0.035, y: -1.8249999}
      - {x: 0.095, y: -1.735}
      - {x: 0.155, y: -1.555}
      - {x: 0.275, y: -1.115}
      - {x: 0.345, y: -0.85499996}
      - {x: 0.435, y: -0.525}
      - {x: 0.715, y: 0.505}
      - {x: 0.745, y: 0.615}
      - {x: 0.815, y: 0.875}
      - {x: 0.935, y: 1.3149999}
      - {x: 0.935, y: 1.625}
      - {x: 0.92499995, y: 1.655}
      - {x: 0.875, y: 1.765}
      - {x: 0.825, y: 1.8249999}
      - {x: 0.755, y: 1.895}
      - {x: 0.695, y: 1.9449999}
      - {x: 0.585, y: 1.995}
      - {x: 0.565, y: 2.0049999}
      - {x: 0.24499999, y: 2.0049999}
      - {x: 0.21499999, y: 1.995}
      - {x: 0.145, y: 1.9649999}
      - {x: 0.035, y: 1.895}
      - {x: -0.074999996, y: 1.785}
      - {x: -0.13499999, y: 1.625}
      - {x: -0.195, y: 1.4449999}
      - {x: -0.21499999, y: 1.3349999}
      - {x: -0.525, y: 0.195}
      - {x: -0.53499997, y: 0.155}
      - {x: -0.685, y: -0.39499998}
      - {x: -0.755, y: -0.655}
      - {x: -0.935, y: -1.3149999}
      - {x: -0.935, y: -1.625}
      - {x: -0.905, y: -1.7149999}
      - {x: -0.825, y: -1.8349999}
      - {x: -0.755, y: -1.895}
      - {x: -0.695, y: -1.9449999}
      - {x: -0.585, y: -1.995}
      - {x: -0.555, y: -2.0049999}
      - {x: -0.24499999, y: -2.0049999}
      - {x: -0.21499999, y: -1.995}
      - {x: -0.13499999, y: -1.9649999}
      - {x: -0.044999998, y: -1.905}
--- !u!1 &556149664
GameObject:
  m_ObjectHideFlags: 0
  m_CorrespondingSourceObject: {fileID: 0}
  m_PrefabInstance: {fileID: 0}
  m_PrefabAsset: {fileID: 0}
  serializedVersion: 6
  m_Component:
  - component: {fileID: 556149665}
  - component: {fileID: 556149668}
  - component: {fileID: 556149667}
  - component: {fileID: 556149666}
  m_Layer: 0
  m_Name: Cuttable (2)
  m_TagString: Untagged
  m_Icon: {fileID: 0}
  m_NavMeshLayer: 0
  m_StaticEditorFlags: 0
  m_IsActive: 1
--- !u!4 &556149665
Transform:
  m_ObjectHideFlags: 0
  m_CorrespondingSourceObject: {fileID: 0}
  m_PrefabInstance: {fileID: 0}
  m_PrefabAsset: {fileID: 0}
  m_GameObject: {fileID: 556149664}
  m_LocalRotation: {x: 0, y: 0, z: -0.70728445, w: 0.7069291}
  m_LocalPosition: {x: 3.88, y: 5.44, z: 0}
  m_LocalScale: {x: 3, y: 3, z: 1}
  m_ConstrainProportionsScale: 0
  m_Children: []
  m_Father: {fileID: 1719452529}
  m_RootOrder: 2
  m_LocalEulerAnglesHint: {x: 0, y: 0, z: 0}
--- !u!58 &556149666
CircleCollider2D:
  m_ObjectHideFlags: 0
  m_CorrespondingSourceObject: {fileID: 0}
  m_PrefabInstance: {fileID: 0}
  m_PrefabAsset: {fileID: 0}
  m_GameObject: {fileID: 556149664}
  m_Enabled: 1
  m_Density: 1
  m_Material: {fileID: 0}
  m_IsTrigger: 0
  m_UsedByEffector: 0
  m_UsedByComposite: 0
  m_Offset: {x: -0.00000047683716, y: -0.00000023841858}
  serializedVersion: 2
  m_Radius: 0.37
--- !u!50 &556149667
Rigidbody2D:
  serializedVersion: 4
  m_ObjectHideFlags: 0
  m_CorrespondingSourceObject: {fileID: 0}
  m_PrefabInstance: {fileID: 0}
  m_PrefabAsset: {fileID: 0}
  m_GameObject: {fileID: 556149664}
  m_BodyType: 0
  m_Simulated: 1
  m_UseFullKinematicContacts: 0
  m_UseAutoMass: 0
  m_Mass: 1
  m_LinearDrag: 0
  m_AngularDrag: 0.05
  m_GravityScale: 1
  m_Material: {fileID: 0}
  m_Interpolate: 0
  m_SleepingMode: 1
  m_CollisionDetection: 0
  m_Constraints: 0
--- !u!212 &556149668
SpriteRenderer:
  m_ObjectHideFlags: 0
  m_CorrespondingSourceObject: {fileID: 0}
  m_PrefabInstance: {fileID: 0}
  m_PrefabAsset: {fileID: 0}
  m_GameObject: {fileID: 556149664}
  m_Enabled: 1
  m_CastShadows: 0
  m_ReceiveShadows: 0
  m_DynamicOccludee: 1
  m_StaticShadowCaster: 0
  m_MotionVectors: 1
  m_LightProbeUsage: 1
  m_ReflectionProbeUsage: 1
  m_RayTracingMode: 0
  m_RayTraceProcedural: 0
  m_RenderingLayerMask: 1
  m_RendererPriority: 0
  m_Materials:
  - {fileID: 10754, guid: 0000000000000000f000000000000000, type: 0}
  m_StaticBatchInfo:
    firstSubMesh: 0
    subMeshCount: 0
  m_StaticBatchRoot: {fileID: 0}
  m_ProbeAnchor: {fileID: 0}
  m_LightProbeVolumeOverride: {fileID: 0}
  m_ScaleInLightmap: 1
  m_ReceiveGI: 1
  m_PreserveUVs: 0
  m_IgnoreNormalsForChartDetection: 0
  m_ImportantGI: 0
  m_StitchLightmapSeams: 1
  m_SelectedEditorRenderState: 0
  m_MinimumChartSize: 4
  m_AutoUVMaxDistance: 0.5
  m_AutoUVMaxAngle: 89
  m_LightmapParameters: {fileID: 0}
  m_SortingLayerID: 0
  m_SortingLayer: 0
  m_SortingOrder: 1
  m_Sprite: {fileID: 21300000, guid: 828cb4ea6f696fb4985ab9bcb08b7ae9, type: 3}
  m_Color: {r: 1, g: 1, b: 1, a: 1}
  m_FlipX: 0
  m_FlipY: 0
  m_DrawMode: 0
  m_Size: {x: 1, y: 1}
  m_AdaptiveModeThreshold: 0.5
  m_SpriteTileMode: 0
  m_WasSpriteAssigned: 1
  m_MaskInteraction: 0
  m_SpriteSortPoint: 0
--- !u!1 &656540786 stripped
GameObject:
  m_CorrespondingSourceObject: {fileID: 7764578787658145737, guid: 4c304d62aa6cec94e9ba91dc251dafee, type: 3}
  m_PrefabInstance: {fileID: 1836228784}
  m_PrefabAsset: {fileID: 0}
--- !u!50 &656540790
Rigidbody2D:
  serializedVersion: 4
  m_ObjectHideFlags: 0
  m_CorrespondingSourceObject: {fileID: 0}
  m_PrefabInstance: {fileID: 0}
  m_PrefabAsset: {fileID: 0}
  m_GameObject: {fileID: 656540786}
  m_BodyType: 0
  m_Simulated: 1
  m_UseFullKinematicContacts: 0
  m_UseAutoMass: 0
  m_Mass: 1
  m_LinearDrag: 0
  m_AngularDrag: 0.05
  m_GravityScale: 1
  m_Material: {fileID: 0}
  m_Interpolate: 0
  m_SleepingMode: 1
  m_CollisionDetection: 0
  m_Constraints: 0
--- !u!60 &656540791
PolygonCollider2D:
  m_ObjectHideFlags: 0
  m_CorrespondingSourceObject: {fileID: 0}
  m_PrefabInstance: {fileID: 0}
  m_PrefabAsset: {fileID: 0}
  m_GameObject: {fileID: 656540786}
  m_Enabled: 1
  m_Density: 1
  m_Material: {fileID: 0}
  m_IsTrigger: 0
  m_UsedByEffector: 0
  m_UsedByComposite: 0
  m_Offset: {x: 0, y: 0}
  m_SpriteTilingProperty:
    border: {x: 0, y: 0, z: 0, w: 0}
    pivot: {x: 0.5, y: 0.5}
    oldSize: {x: 2.93, y: 3.49}
    newSize: {x: 2.93, y: 3.49}
    adaptiveTilingThreshold: 0.5
    drawMode: 0
    adaptiveTiling: 0
  m_AutoTiling: 0
  m_Points:
    m_Paths:
    - - {x: -0.575, y: -1.635}
      - {x: -0.515, y: -1.5749999}
      - {x: -0.405, y: -1.4449999}
      - {x: -0.33499998, y: -1.355}
      - {x: -0.105, y: -1.045}
      - {x: -0.035, y: -0.965}
      - {x: 0.035, y: -0.875}
      - {x: 0.195, y: -0.655}
      - {x: 0.265, y: -0.575}
      - {x: 0.33499998, y: -0.48499998}
      - {x: 0.49499997, y: -0.265}
      - {x: 0.565, y: -0.185}
      - {x: 0.635, y: -0.095}
      - {x: 0.79499996, y: 0.125}
      - {x: 0.865, y: 0.205}
      - {x: 0.935, y: 0.295}
      - {x: 1.095, y: 0.515}
      - {x: 1.165, y: 0.59499997}
      - {x: 1.235, y: 0.685}
      - {x: 1.395, y: 0.905}
      - {x: 1.435, y: 0.97499996}
      - {x: 1.4549999, y: 1.025}
      - {x: 1.4649999, y: 1.055}
      - {x: 1.4649999, y: 1.365}
      - {x: 1.4549999, y: 1.395}
      - {x: 1.425, y: 1.4649999}
      - {x: 1.355, y: 1.5749999}
      - {x: 1.255, y: 1.675}
      - {x: 1.185, y: 1.7049999}
      - {x: 1.0849999, y: 1.745}
      - {x: 0.775, y: 1.745}
      - {x: 0.745, y: 1.735}
      - {x: 0.635, y: 1.685}
      - {x: 0.575, y: 1.635}
      - {x: 0.515, y: 1.5749999}
      - {x: 0.405, y: 1.435}
      - {x: 0.235, y: 1.2149999}
      - {x: 0.13499999, y: 1.095}
      - {x: 0.065, y: 1.005}
      - {x: -0.16499999, y: 0.695}
      - {x: -0.195, y: 0.655}
      - {x: -0.265, y: 0.575}
      - {x: -0.33499998, y: 0.48499998}
      - {x: -0.49499997, y: 0.265}
      - {x: -0.565, y: 0.185}
      - {x: -0.635, y: 0.095}
      - {x: -0.695, y: 0.005}
      - {x: -0.765, y: -0.074999996}
      - {x: -0.835, y: -0.16499999}
      - {x: -0.995, y: -0.385}
      - {x: -1.0649999, y: -0.465}
      - {x: -1.135, y: -0.555}
      - {x: -1.2049999, y: -0.655}
      - {x: -1.3349999, y: -0.825}
      - {x: -1.425, y: -0.945}
      - {x: -1.4649999, y: -1.035}
      - {x: -1.4649999, y: -1.375}
      - {x: -1.425, y: -1.475}
      - {x: -1.355, y: -1.5649999}
      - {x: -1.275, y: -1.645}
      - {x: -1.185, y: -1.7049999}
      - {x: -1.115, y: -1.735}
      - {x: -1.0849999, y: -1.745}
      - {x: -0.775, y: -1.745}
      - {x: -0.745, y: -1.735}
      - {x: -0.635, y: -1.685}
--- !u!1 &707348656
GameObject:
  m_ObjectHideFlags: 0
  m_CorrespondingSourceObject: {fileID: 0}
  m_PrefabInstance: {fileID: 0}
  m_PrefabAsset: {fileID: 0}
  serializedVersion: 6
  m_Component:
  - component: {fileID: 707348657}
  - component: {fileID: 707348660}
  - component: {fileID: 707348659}
  - component: {fileID: 707348658}
  m_Layer: 0
  m_Name: Cuttable (3)
  m_TagString: Untagged
  m_Icon: {fileID: 0}
  m_NavMeshLayer: 0
  m_StaticEditorFlags: 0
  m_IsActive: 1
--- !u!4 &707348657
Transform:
  m_ObjectHideFlags: 0
  m_CorrespondingSourceObject: {fileID: 0}
  m_PrefabInstance: {fileID: 0}
  m_PrefabAsset: {fileID: 0}
  m_GameObject: {fileID: 707348656}
  m_LocalRotation: {x: 0, y: 0, z: -0.70728445, w: 0.7069291}
  m_LocalPosition: {x: -5.83, y: -5.02, z: 0}
  m_LocalScale: {x: 3, y: 3, z: 1}
  m_ConstrainProportionsScale: 0
  m_Children: []
  m_Father: {fileID: 1719452529}
  m_RootOrder: 3
  m_LocalEulerAnglesHint: {x: 0, y: 0, z: 0}
--- !u!58 &707348658
CircleCollider2D:
  m_ObjectHideFlags: 0
  m_CorrespondingSourceObject: {fileID: 0}
  m_PrefabInstance: {fileID: 0}
  m_PrefabAsset: {fileID: 0}
  m_GameObject: {fileID: 707348656}
  m_Enabled: 1
  m_Density: 1
  m_Material: {fileID: 0}
  m_IsTrigger: 0
  m_UsedByEffector: 0
  m_UsedByComposite: 0
  m_Offset: {x: -0.00000047683716, y: -0.00000023841858}
  serializedVersion: 2
  m_Radius: 0.37
--- !u!50 &707348659
Rigidbody2D:
  serializedVersion: 4
  m_ObjectHideFlags: 0
  m_CorrespondingSourceObject: {fileID: 0}
  m_PrefabInstance: {fileID: 0}
  m_PrefabAsset: {fileID: 0}
  m_GameObject: {fileID: 707348656}
  m_BodyType: 0
  m_Simulated: 1
  m_UseFullKinematicContacts: 0
  m_UseAutoMass: 0
  m_Mass: 1
  m_LinearDrag: 0
  m_AngularDrag: 0.05
  m_GravityScale: 1
  m_Material: {fileID: 0}
  m_Interpolate: 0
  m_SleepingMode: 1
  m_CollisionDetection: 0
  m_Constraints: 0
--- !u!212 &707348660
SpriteRenderer:
  m_ObjectHideFlags: 0
  m_CorrespondingSourceObject: {fileID: 0}
  m_PrefabInstance: {fileID: 0}
  m_PrefabAsset: {fileID: 0}
  m_GameObject: {fileID: 707348656}
  m_Enabled: 1
  m_CastShadows: 0
  m_ReceiveShadows: 0
  m_DynamicOccludee: 1
  m_StaticShadowCaster: 0
  m_MotionVectors: 1
  m_LightProbeUsage: 1
  m_ReflectionProbeUsage: 1
  m_RayTracingMode: 0
  m_RayTraceProcedural: 0
  m_RenderingLayerMask: 1
  m_RendererPriority: 0
  m_Materials:
  - {fileID: 10754, guid: 0000000000000000f000000000000000, type: 0}
  m_StaticBatchInfo:
    firstSubMesh: 0
    subMeshCount: 0
  m_StaticBatchRoot: {fileID: 0}
  m_ProbeAnchor: {fileID: 0}
  m_LightProbeVolumeOverride: {fileID: 0}
  m_ScaleInLightmap: 1
  m_ReceiveGI: 1
  m_PreserveUVs: 0
  m_IgnoreNormalsForChartDetection: 0
  m_ImportantGI: 0
  m_StitchLightmapSeams: 1
  m_SelectedEditorRenderState: 0
  m_MinimumChartSize: 4
  m_AutoUVMaxDistance: 0.5
  m_AutoUVMaxAngle: 89
  m_LightmapParameters: {fileID: 0}
  m_SortingLayerID: 0
  m_SortingLayer: 0
  m_SortingOrder: 1
  m_Sprite: {fileID: 21300000, guid: 828cb4ea6f696fb4985ab9bcb08b7ae9, type: 3}
  m_Color: {r: 1, g: 1, b: 1, a: 1}
  m_FlipX: 0
  m_FlipY: 0
  m_DrawMode: 0
  m_Size: {x: 1, y: 1}
  m_AdaptiveModeThreshold: 0.5
  m_SpriteTileMode: 0
  m_WasSpriteAssigned: 1
  m_MaskInteraction: 0
  m_SpriteSortPoint: 0
--- !u!1 &726960241
GameObject:
  m_ObjectHideFlags: 0
  m_CorrespondingSourceObject: {fileID: 0}
  m_PrefabInstance: {fileID: 0}
  m_PrefabAsset: {fileID: 0}
  serializedVersion: 6
  m_Component:
  - component: {fileID: 726960242}
  - component: {fileID: 726960244}
  - component: {fileID: 726960243}
  m_Layer: 0
  m_Name: rectangle (2)
  m_TagString: Untagged
  m_Icon: {fileID: 0}
  m_NavMeshLayer: 0
  m_StaticEditorFlags: 0
  m_IsActive: 1
--- !u!4 &726960242
Transform:
  m_ObjectHideFlags: 0
  m_CorrespondingSourceObject: {fileID: 0}
  m_PrefabInstance: {fileID: 0}
  m_PrefabAsset: {fileID: 0}
  m_GameObject: {fileID: 726960241}
  m_LocalRotation: {x: 0, y: 0, z: 0, w: 1}
  m_LocalPosition: {x: 0.18, y: -7.63, z: 0}
  m_LocalScale: {x: 2.9868731, y: 0.28640595, z: 1}
  m_ConstrainProportionsScale: 0
  m_Children: []
  m_Father: {fileID: 1222380869}
  m_RootOrder: 2
  m_LocalEulerAnglesHint: {x: 0, y: 0, z: 0}
--- !u!61 &726960243
BoxCollider2D:
  m_ObjectHideFlags: 0
  m_CorrespondingSourceObject: {fileID: 0}
  m_PrefabInstance: {fileID: 0}
  m_PrefabAsset: {fileID: 0}
  m_GameObject: {fileID: 726960241}
  m_Enabled: 1
  m_Density: 1
  m_Material: {fileID: 0}
  m_IsTrigger: 0
  m_UsedByEffector: 0
  m_UsedByComposite: 0
  m_Offset: {x: 0, y: 0}
  m_SpriteTilingProperty:
    border: {x: 0, y: 0, z: 0, w: 0}
    pivot: {x: 0.5, y: 0.5}
    oldSize: {x: 8.5, y: 8.5}
    newSize: {x: 1, y: 1}
    adaptiveTilingThreshold: 0.5
    drawMode: 0
    adaptiveTiling: 0
  m_AutoTiling: 0
  serializedVersion: 2
  m_Size: {x: 8.5, y: 8.5}
  m_EdgeRadius: 0
--- !u!212 &726960244
SpriteRenderer:
  m_ObjectHideFlags: 0
  m_CorrespondingSourceObject: {fileID: 0}
  m_PrefabInstance: {fileID: 0}
  m_PrefabAsset: {fileID: 0}
  m_GameObject: {fileID: 726960241}
  m_Enabled: 1
  m_CastShadows: 0
  m_ReceiveShadows: 0
  m_DynamicOccludee: 1
  m_StaticShadowCaster: 0
  m_MotionVectors: 1
  m_LightProbeUsage: 1
  m_ReflectionProbeUsage: 1
  m_RayTracingMode: 0
  m_RayTraceProcedural: 0
  m_RenderingLayerMask: 1
  m_RendererPriority: 0
  m_Materials:
  - {fileID: 10754, guid: 0000000000000000f000000000000000, type: 0}
  m_StaticBatchInfo:
    firstSubMesh: 0
    subMeshCount: 0
  m_StaticBatchRoot: {fileID: 0}
  m_ProbeAnchor: {fileID: 0}
  m_LightProbeVolumeOverride: {fileID: 0}
  m_ScaleInLightmap: 1
  m_ReceiveGI: 1
  m_PreserveUVs: 0
  m_IgnoreNormalsForChartDetection: 0
  m_ImportantGI: 0
  m_StitchLightmapSeams: 1
  m_SelectedEditorRenderState: 0
  m_MinimumChartSize: 4
  m_AutoUVMaxDistance: 0.5
  m_AutoUVMaxAngle: 89
  m_LightmapParameters: {fileID: 0}
  m_SortingLayerID: 0
  m_SortingLayer: 0
  m_SortingOrder: 0
  m_Sprite: {fileID: 21300000, guid: b79834adeb585104c84d30e7530c3d2b, type: 3}
  m_Color: {r: 0, g: 0, b: 0, a: 1}
  m_FlipX: 0
  m_FlipY: 0
  m_DrawMode: 0
  m_Size: {x: 1, y: 1}
  m_AdaptiveModeThreshold: 0.5
  m_SpriteTileMode: 0
  m_WasSpriteAssigned: 1
  m_MaskInteraction: 0
  m_SpriteSortPoint: 0
--- !u!1 &829059725 stripped
GameObject:
  m_CorrespondingSourceObject: {fileID: 9153177577081238857, guid: 4c304d62aa6cec94e9ba91dc251dafee, type: 3}
  m_PrefabInstance: {fileID: 1836228784}
  m_PrefabAsset: {fileID: 0}
--- !u!50 &829059729
Rigidbody2D:
  serializedVersion: 4
  m_ObjectHideFlags: 0
  m_CorrespondingSourceObject: {fileID: 0}
  m_PrefabInstance: {fileID: 0}
  m_PrefabAsset: {fileID: 0}
  m_GameObject: {fileID: 829059725}
  m_BodyType: 0
  m_Simulated: 1
  m_UseFullKinematicContacts: 0
  m_UseAutoMass: 0
  m_Mass: 1
  m_LinearDrag: 0
  m_AngularDrag: 0.05
  m_GravityScale: 1
  m_Material: {fileID: 0}
  m_Interpolate: 0
  m_SleepingMode: 1
  m_CollisionDetection: 0
  m_Constraints: 0
--- !u!60 &829059730
PolygonCollider2D:
  m_ObjectHideFlags: 0
  m_CorrespondingSourceObject: {fileID: 0}
  m_PrefabInstance: {fileID: 0}
  m_PrefabAsset: {fileID: 0}
  m_GameObject: {fileID: 829059725}
  m_Enabled: 1
  m_Density: 1
  m_Material: {fileID: 0}
  m_IsTrigger: 0
  m_UsedByEffector: 0
  m_UsedByComposite: 0
  m_Offset: {x: 0, y: 0}
  m_SpriteTilingProperty:
    border: {x: 0, y: 0, z: 0, w: 0}
    pivot: {x: 0.5, y: 0.5}
    oldSize: {x: 1.82, y: 4.03}
    newSize: {x: 1.82, y: 4.03}
    adaptiveTilingThreshold: 0.5
    drawMode: 0
    adaptiveTiling: 0
  m_AutoTiling: 0
  m_Points:
    m_Paths:
    - - {x: 0.72999996, y: -1.905}
      - {x: 0.79999995, y: -1.8349999}
      - {x: 0.84999996, y: -1.775}
      - {x: 0.9, y: -1.665}
      - {x: 0.90999997, y: -1.635}
      - {x: 0.90999997, y: -1.3249999}
      - {x: 0.84, y: -1.045}
      - {x: 0.68, y: -0.415}
      - {x: 0.65999997, y: -0.33499998}
      - {x: 0.5, y: 0.295}
      - {x: 0.48, y: 0.375}
      - {x: 0.29999998, y: 1.0849999}
      - {x: 0.28, y: 1.165}
      - {x: 0.19, y: 1.515}
      - {x: 0.17, y: 1.5949999}
      - {x: 0.14999999, y: 1.665}
      - {x: 0.099999994, y: 1.775}
      - {x: 0.049999997, y: 1.8349999}
      - {x: -0.02, y: 1.905}
      - {x: -0.08, y: 1.9549999}
      - {x: -0.19, y: 2.0049999}
      - {x: -0.22, y: 2.0149999}
      - {x: -0.53, y: 2.0149999}
      - {x: -0.61, y: 1.985}
      - {x: -0.65999997, y: 1.9549999}
      - {x: -0.72999996, y: 1.905}
      - {x: -0.79999995, y: 1.8349999}
      - {x: -0.84999996, y: 1.775}
      - {x: -0.9, y: 1.665}
      - {x: -0.90999997, y: 1.635}
      - {x: -0.90999997, y: 1.3249999}
      - {x: -0.83, y: 1.005}
      - {x: -0.66999996, y: 0.375}
      - {x: -0.65, y: 0.295}
      - {x: -0.48, y: -0.375}
      - {x: -0.44, y: -0.53499997}
      - {x: -0.41, y: -0.645}
      - {x: -0.28, y: -1.165}
      - {x: -0.17999999, y: -1.555}
      - {x: -0.16, y: -1.635}
      - {x: -0.13, y: -1.7149999}
      - {x: -0.099999994, y: -1.765}
      - {x: -0.049999997, y: -1.8349999}
      - {x: 0.02, y: -1.905}
      - {x: 0.08, y: -1.9549999}
      - {x: 0.19, y: -2.0049999}
      - {x: 0.22, y: -2.0149999}
      - {x: 0.53, y: -2.0149999}
      - {x: 0.56, y: -2.0049999}
      - {x: 0.66999996, y: -1.9549999}
      - {x: 0.69, y: -1.935}
--- !u!1 &849185805
GameObject:
  m_ObjectHideFlags: 0
  m_CorrespondingSourceObject: {fileID: 0}
  m_PrefabInstance: {fileID: 0}
  m_PrefabAsset: {fileID: 0}
  serializedVersion: 6
  m_Component:
  - component: {fileID: 849185809}
  - component: {fileID: 849185808}
  - component: {fileID: 849185807}
  - component: {fileID: 849185810}
  m_Layer: 0
  m_Name: LeftArm
  m_TagString: Untagged
  m_Icon: {fileID: 0}
  m_NavMeshLayer: 0
  m_StaticEditorFlags: 0
  m_IsActive: 1
--- !u!50 &849185807
Rigidbody2D:
  serializedVersion: 4
  m_ObjectHideFlags: 0
  m_CorrespondingSourceObject: {fileID: 0}
  m_PrefabInstance: {fileID: 0}
  m_PrefabAsset: {fileID: 0}
  m_GameObject: {fileID: 849185805}
  m_BodyType: 0
  m_Simulated: 1
  m_UseFullKinematicContacts: 0
  m_UseAutoMass: 0
  m_Mass: 1
  m_LinearDrag: 0
  m_AngularDrag: 0.05
  m_GravityScale: 1
  m_Material: {fileID: 0}
  m_Interpolate: 0
  m_SleepingMode: 1
  m_CollisionDetection: 0
  m_Constraints: 0
--- !u!212 &849185808
SpriteRenderer:
  m_ObjectHideFlags: 0
  m_CorrespondingSourceObject: {fileID: 0}
  m_PrefabInstance: {fileID: 0}
  m_PrefabAsset: {fileID: 0}
  m_GameObject: {fileID: 849185805}
  m_Enabled: 1
  m_CastShadows: 0
  m_ReceiveShadows: 0
  m_DynamicOccludee: 1
  m_StaticShadowCaster: 0
  m_MotionVectors: 1
  m_LightProbeUsage: 1
  m_ReflectionProbeUsage: 1
  m_RayTracingMode: 0
  m_RayTraceProcedural: 0
  m_RenderingLayerMask: 1
  m_RendererPriority: 0
  m_Materials:
  - {fileID: 10754, guid: 0000000000000000f000000000000000, type: 0}
  m_StaticBatchInfo:
    firstSubMesh: 0
    subMeshCount: 0
  m_StaticBatchRoot: {fileID: 0}
  m_ProbeAnchor: {fileID: 0}
  m_LightProbeVolumeOverride: {fileID: 0}
  m_ScaleInLightmap: 1
  m_ReceiveGI: 1
  m_PreserveUVs: 0
  m_IgnoreNormalsForChartDetection: 0
  m_ImportantGI: 0
  m_StitchLightmapSeams: 1
  m_SelectedEditorRenderState: 0
  m_MinimumChartSize: 4
  m_AutoUVMaxDistance: 0.5
  m_AutoUVMaxAngle: 89
  m_LightmapParameters: {fileID: 0}
  m_SortingLayerID: 0
  m_SortingLayer: 0
  m_SortingOrder: 4
  m_Sprite: {fileID: 5103521717940989737, guid: 0550eded80f13f54195e16a1cfa409b3, type: 3}
  m_Color: {r: 1, g: 1, b: 1, a: 1}
  m_FlipX: 0
  m_FlipY: 0
  m_DrawMode: 0
  m_Size: {x: 2.93, y: 3.49}
  m_AdaptiveModeThreshold: 0.5
  m_SpriteTileMode: 0
  m_WasSpriteAssigned: 1
  m_MaskInteraction: 0
  m_SpriteSortPoint: 0
--- !u!4 &849185809
Transform:
  m_ObjectHideFlags: 0
  m_CorrespondingSourceObject: {fileID: 0}
  m_PrefabInstance: {fileID: 0}
  m_PrefabAsset: {fileID: 0}
  m_GameObject: {fileID: 849185805}
  m_LocalRotation: {x: -0, y: -0, z: -0, w: 1}
  m_LocalPosition: {x: -1.79, y: -1.8, z: 0}
  m_LocalScale: {x: 0.37, y: 0.37, z: 0.37}
  m_ConstrainProportionsScale: 1
  m_Children: []
  m_Father: {fileID: 1719452529}
  m_RootOrder: 5
  m_LocalEulerAnglesHint: {x: 0, y: 0, z: 0}
--- !u!61 &849185810
BoxCollider2D:
  m_ObjectHideFlags: 0
  m_CorrespondingSourceObject: {fileID: 0}
  m_PrefabInstance: {fileID: 0}
  m_PrefabAsset: {fileID: 0}
  m_GameObject: {fileID: 849185805}
  m_Enabled: 1
  m_Density: 1
  m_Material: {fileID: 0}
  m_IsTrigger: 0
  m_UsedByEffector: 0
  m_UsedByComposite: 0
  m_Offset: {x: 0, y: 0}
  m_SpriteTilingProperty:
    border: {x: 0, y: 0, z: 0, w: 0}
    pivot: {x: 0.5, y: 0.5}
    oldSize: {x: 2.93, y: 3.49}
    newSize: {x: 2.93, y: 3.49}
    adaptiveTilingThreshold: 0.5
    drawMode: 0
    adaptiveTiling: 0
  m_AutoTiling: 0
  serializedVersion: 2
  m_Size: {x: 2.93, y: 3.49}
  m_EdgeRadius: 0
--- !u!1 &925693020
GameObject:
  m_ObjectHideFlags: 0
  m_CorrespondingSourceObject: {fileID: 0}
  m_PrefabInstance: {fileID: 0}
  m_PrefabAsset: {fileID: 0}
  serializedVersion: 6
  m_Component:
  - component: {fileID: 925693023}
  - component: {fileID: 925693022}
  - component: {fileID: 925693021}
  m_Layer: 0
  m_Name: LinecastCutter
  m_TagString: Untagged
  m_Icon: {fileID: 0}
  m_NavMeshLayer: 0
  m_StaticEditorFlags: 0
  m_IsActive: 1
--- !u!114 &925693021
MonoBehaviour:
  m_ObjectHideFlags: 0
  m_CorrespondingSourceObject: {fileID: 0}
  m_PrefabInstance: {fileID: 0}
  m_PrefabAsset: {fileID: 0}
  m_GameObject: {fileID: 925693020}
  m_Enabled: 1
  m_EditorHideFlags: 0
  m_Script: {fileID: 11500000, guid: 05f7db438dd65134ca3ce059f5e6c8ef, type: 3}
  m_Name: 
  m_EditorClassIdentifier: 
  layerMask:
    serializedVersion: 2
    m_Bits: 1
--- !u!120 &925693022
LineRenderer:
  m_ObjectHideFlags: 0
  m_CorrespondingSourceObject: {fileID: 0}
  m_PrefabInstance: {fileID: 0}
  m_PrefabAsset: {fileID: 0}
  m_GameObject: {fileID: 925693020}
  m_Enabled: 1
  m_CastShadows: 1
  m_ReceiveShadows: 1
  m_DynamicOccludee: 1
  m_StaticShadowCaster: 0
  m_MotionVectors: 0
  m_LightProbeUsage: 1
  m_ReflectionProbeUsage: 1
  m_RayTracingMode: 0
  m_RayTraceProcedural: 0
  m_RenderingLayerMask: 1
  m_RendererPriority: 0
  m_Materials:
  - {fileID: 10754, guid: 0000000000000000f000000000000000, type: 0}
  m_StaticBatchInfo:
    firstSubMesh: 0
    subMeshCount: 0
  m_StaticBatchRoot: {fileID: 0}
  m_ProbeAnchor: {fileID: 0}
  m_LightProbeVolumeOverride: {fileID: 0}
  m_ScaleInLightmap: 1
  m_ReceiveGI: 1
  m_PreserveUVs: 0
  m_IgnoreNormalsForChartDetection: 0
  m_ImportantGI: 0
  m_StitchLightmapSeams: 1
  m_SelectedEditorRenderState: 3
  m_MinimumChartSize: 4
  m_AutoUVMaxDistance: 0.5
  m_AutoUVMaxAngle: 89
  m_LightmapParameters: {fileID: 0}
  m_SortingLayerID: 0
  m_SortingLayer: 0
  m_SortingOrder: 0
  m_Positions:
  - {x: 0, y: 0, z: 0}
  - {x: 0, y: 0, z: 1}
  m_Parameters:
    serializedVersion: 3
    widthMultiplier: 1
    widthCurve:
      serializedVersion: 2
      m_Curve:
      - serializedVersion: 3
        time: 0
        value: 0.25
        inSlope: 0
        outSlope: 0
        tangentMode: 0
        weightedMode: 0
        inWeight: 0.33333334
        outWeight: 0.33333334
      - serializedVersion: 3
        time: 1
        value: 0.25
        inSlope: 0
        outSlope: 0
        tangentMode: 0
        weightedMode: 0
        inWeight: 0.33333334
        outWeight: 0.33333334
      m_PreInfinity: 2
      m_PostInfinity: 2
      m_RotationOrder: 4
    colorGradient:
      serializedVersion: 2
      key0: {r: 1, g: 0, b: 0, a: 1}
      key1: {r: 1, g: 0, b: 0, a: 1}
      key2: {r: 0, g: 0, b: 0, a: 0}
      key3: {r: 0, g: 0, b: 0, a: 0}
      key4: {r: 0, g: 0, b: 0, a: 0}
      key5: {r: 0, g: 0, b: 0, a: 0}
      key6: {r: 0, g: 0, b: 0, a: 0}
      key7: {r: 0, g: 0, b: 0, a: 0}
      ctime0: 0
      ctime1: 65535
      ctime2: 0
      ctime3: 0
      ctime4: 0
      ctime5: 0
      ctime6: 0
      ctime7: 0
      atime0: 0
      atime1: 65535
      atime2: 0
      atime3: 0
      atime4: 0
      atime5: 0
      atime6: 0
      atime7: 0
      m_Mode: 0
      m_NumColorKeys: 2
      m_NumAlphaKeys: 2
    numCornerVertices: 0
    numCapVertices: 0
    alignment: 0
    textureMode: 0
    shadowBias: 0
    generateLightingData: 0
  m_UseWorldSpace: 1
  m_Loop: 0
--- !u!4 &925693023
Transform:
  m_ObjectHideFlags: 0
  m_CorrespondingSourceObject: {fileID: 0}
  m_PrefabInstance: {fileID: 0}
  m_PrefabAsset: {fileID: 0}
  m_GameObject: {fileID: 925693020}
  m_LocalRotation: {x: 0, y: 0, z: 0, w: 1}
  m_LocalPosition: {x: 1.7475302, y: 2.1065834, z: 0}
  m_LocalScale: {x: 1, y: 1, z: 1}
  m_ConstrainProportionsScale: 0
  m_Children: []
  m_Father: {fileID: 0}
  m_RootOrder: 2
  m_LocalEulerAnglesHint: {x: 0, y: 0, z: 0}
--- !u!1 &1105459831 stripped
GameObject:
  m_CorrespondingSourceObject: {fileID: 8149528199962497119, guid: 4c304d62aa6cec94e9ba91dc251dafee, type: 3}
  m_PrefabInstance: {fileID: 1836228784}
  m_PrefabAsset: {fileID: 0}
--- !u!50 &1105459835
Rigidbody2D:
  serializedVersion: 4
  m_ObjectHideFlags: 0
  m_CorrespondingSourceObject: {fileID: 0}
  m_PrefabInstance: {fileID: 0}
  m_PrefabAsset: {fileID: 0}
  m_GameObject: {fileID: 1105459831}
  m_BodyType: 0
  m_Simulated: 1
  m_UseFullKinematicContacts: 0
  m_UseAutoMass: 0
  m_Mass: 1
  m_LinearDrag: 0
  m_AngularDrag: 0.05
  m_GravityScale: 1
  m_Material: {fileID: 0}
  m_Interpolate: 0
  m_SleepingMode: 1
  m_CollisionDetection: 0
  m_Constraints: 0
--- !u!60 &1105459836
PolygonCollider2D:
  m_ObjectHideFlags: 0
  m_CorrespondingSourceObject: {fileID: 0}
  m_PrefabInstance: {fileID: 0}
  m_PrefabAsset: {fileID: 0}
  m_GameObject: {fileID: 1105459831}
  m_Enabled: 1
  m_Density: 1
  m_Material: {fileID: 0}
  m_IsTrigger: 0
  m_UsedByEffector: 0
  m_UsedByComposite: 0
  m_Offset: {x: 0, y: 0}
  m_SpriteTilingProperty:
    border: {x: 0, y: 0, z: 0, w: 0}
    pivot: {x: 0.5, y: 0.5}
    oldSize: {x: 3.13, y: 3.13}
    newSize: {x: 3.13, y: 3.13}
    adaptiveTilingThreshold: 0.5
    drawMode: 0
    adaptiveTiling: 0
  m_AutoTiling: 0
  m_Points:
    m_Paths:
    - - {x: 1.015, y: -1.225}
      - {x: 1.265, y: -0.965}
      - {x: 1.355, y: -0.835}
      - {x: 1.4449999, y: -0.655}
      - {x: 1.515, y: -0.475}
      - {x: 1.545, y: -0.375}
      - {x: 1.5649999, y: -0.265}
      - {x: 1.5649999, y: 0.275}
      - {x: 1.545, y: 0.405}
      - {x: 1.475, y: 0.585}
      - {x: 1.395, y: 0.765}
      - {x: 1.295, y: 0.92499995}
      - {x: 1.225, y: 1.005}
      - {x: 1.005, y: 1.225}
      - {x: 0.91499996, y: 1.295}
      - {x: 0.765, y: 1.395}
      - {x: 0.59499997, y: 1.485}
      - {x: 0.475, y: 1.525}
      - {x: 0.305, y: 1.5649999}
      - {x: -0.285, y: 1.5649999}
      - {x: -0.475, y: 1.525}
      - {x: -0.585, y: 1.475}
      - {x: -0.765, y: 1.395}
      - {x: -0.92499995, y: 1.295}
      - {x: -1.005, y: 1.225}
      - {x: -1.225, y: 1.005}
      - {x: -1.295, y: 0.91499996}
      - {x: -1.405, y: 0.765}
      - {x: -1.525, y: 0.48499998}
      - {x: -1.5649999, y: 0.265}
      - {x: -1.5649999, y: -0.295}
      - {x: -1.555, y: -0.375}
      - {x: -1.475, y: -0.585}
      - {x: -1.355, y: -0.835}
      - {x: -1.225, y: -1.015}
      - {x: -0.965, y: -1.265}
      - {x: -0.835, y: -1.355}
      - {x: -0.635, y: -1.4549999}
      - {x: -0.475, y: -1.515}
      - {x: -0.315, y: -1.555}
      - {x: -0.285, y: -1.5649999}
      - {x: 0.305, y: -1.5649999}
      - {x: 0.415, y: -1.545}
      - {x: 0.645, y: -1.4649999}
      - {x: 0.92499995, y: -1.305}
--- !u!1 &1217011942
GameObject:
  m_ObjectHideFlags: 0
  m_CorrespondingSourceObject: {fileID: 0}
  m_PrefabInstance: {fileID: 0}
  m_PrefabAsset: {fileID: 0}
  serializedVersion: 6
  m_Component:
  - component: {fileID: 1217011946}
  - component: {fileID: 1217011945}
  - component: {fileID: 1217011943}
  - component: {fileID: 1217011944}
  m_Layer: 0
  m_Name: Cuttable
  m_TagString: Untagged
  m_Icon: {fileID: 0}
  m_NavMeshLayer: 0
  m_StaticEditorFlags: 0
  m_IsActive: 1
--- !u!50 &1217011943
Rigidbody2D:
  serializedVersion: 4
  m_ObjectHideFlags: 0
  m_CorrespondingSourceObject: {fileID: 0}
  m_PrefabInstance: {fileID: 0}
  m_PrefabAsset: {fileID: 0}
  m_GameObject: {fileID: 1217011942}
  m_BodyType: 0
  m_Simulated: 1
  m_UseFullKinematicContacts: 0
  m_UseAutoMass: 0
  m_Mass: 1
  m_LinearDrag: 0
  m_AngularDrag: 0.05
  m_GravityScale: 1
  m_Material: {fileID: 0}
  m_Interpolate: 0
  m_SleepingMode: 1
  m_CollisionDetection: 0
  m_Constraints: 0
--- !u!61 &1217011944
BoxCollider2D:
  m_ObjectHideFlags: 0
  m_CorrespondingSourceObject: {fileID: 0}
  m_PrefabInstance: {fileID: 0}
  m_PrefabAsset: {fileID: 0}
  m_GameObject: {fileID: 1217011942}
  m_Enabled: 1
  m_Density: 1
  m_Material: {fileID: 0}
  m_IsTrigger: 0
  m_UsedByEffector: 0
  m_UsedByComposite: 0
  m_Offset: {x: 0, y: 0}
  m_SpriteTilingProperty:
    border: {x: 0, y: 0, z: 0, w: 0}
    pivot: {x: 0.5, y: 0.5}
    oldSize: {x: 8.5, y: 8.5}
    newSize: {x: 1, y: 1}
    adaptiveTilingThreshold: 0.5
    drawMode: 0
    adaptiveTiling: 0
  m_AutoTiling: 0
  serializedVersion: 2
  m_Size: {x: 8.5, y: 8.5}
  m_EdgeRadius: 0
--- !u!212 &1217011945
SpriteRenderer:
  m_ObjectHideFlags: 0
  m_CorrespondingSourceObject: {fileID: 0}
  m_PrefabInstance: {fileID: 0}
  m_PrefabAsset: {fileID: 0}
  m_GameObject: {fileID: 1217011942}
  m_Enabled: 1
  m_CastShadows: 0
  m_ReceiveShadows: 0
  m_DynamicOccludee: 1
  m_StaticShadowCaster: 0
  m_MotionVectors: 1
  m_LightProbeUsage: 1
  m_ReflectionProbeUsage: 1
  m_RayTracingMode: 0
  m_RayTraceProcedural: 0
  m_RenderingLayerMask: 1
  m_RendererPriority: 0
  m_Materials:
  - {fileID: 10754, guid: 0000000000000000f000000000000000, type: 0}
  m_StaticBatchInfo:
    firstSubMesh: 0
    subMeshCount: 0
  m_StaticBatchRoot: {fileID: 0}
  m_ProbeAnchor: {fileID: 0}
  m_LightProbeVolumeOverride: {fileID: 0}
  m_ScaleInLightmap: 1
  m_ReceiveGI: 1
  m_PreserveUVs: 0
  m_IgnoreNormalsForChartDetection: 0
  m_ImportantGI: 0
  m_StitchLightmapSeams: 1
  m_SelectedEditorRenderState: 0
  m_MinimumChartSize: 4
  m_AutoUVMaxDistance: 0.5
  m_AutoUVMaxAngle: 89
  m_LightmapParameters: {fileID: 0}
  m_SortingLayerID: 0
  m_SortingLayer: 0
  m_SortingOrder: 1
  m_Sprite: {fileID: 21300000, guid: b79834adeb585104c84d30e7530c3d2b, type: 3}
  m_Color: {r: 1, g: 1, b: 1, a: 1}
  m_FlipX: 0
  m_FlipY: 0
  m_DrawMode: 0
  m_Size: {x: 1, y: 1}
  m_AdaptiveModeThreshold: 0.5
  m_SpriteTileMode: 0
  m_WasSpriteAssigned: 1
  m_MaskInteraction: 0
  m_SpriteSortPoint: 0
--- !u!4 &1217011946
Transform:
  m_ObjectHideFlags: 0
  m_CorrespondingSourceObject: {fileID: 0}
  m_PrefabInstance: {fileID: 0}
  m_PrefabAsset: {fileID: 0}
  m_GameObject: {fileID: 1217011942}
  m_LocalRotation: {x: 0, y: 0, z: 0, w: 1}
  m_LocalPosition: {x: 3.94, y: -2.79, z: 0}
  m_LocalScale: {x: 0.3, y: 0.75, z: 1}
  m_ConstrainProportionsScale: 0
  m_Children: []
  m_Father: {fileID: 1719452529}
  m_RootOrder: 0
  m_LocalEulerAnglesHint: {x: 0, y: 0, z: 0}
--- !u!1 &1222380868
GameObject:
  m_ObjectHideFlags: 0
  m_CorrespondingSourceObject: {fileID: 0}
  m_PrefabInstance: {fileID: 0}
  m_PrefabAsset: {fileID: 0}
  serializedVersion: 6
  m_Component:
  - component: {fileID: 1222380869}
  m_Layer: 0
  m_Name: Bounds
  m_TagString: Untagged
  m_Icon: {fileID: 0}
  m_NavMeshLayer: 0
  m_StaticEditorFlags: 0
  m_IsActive: 1
--- !u!4 &1222380869
Transform:
  m_ObjectHideFlags: 0
  m_CorrespondingSourceObject: {fileID: 0}
  m_PrefabInstance: {fileID: 0}
  m_PrefabAsset: {fileID: 0}
  m_GameObject: {fileID: 1222380868}
  m_LocalRotation: {x: 0, y: 0, z: 0, w: 1}
  m_LocalPosition: {x: 0, y: 0, z: 0}
  m_LocalScale: {x: 1, y: 1, z: 1}
  m_ConstrainProportionsScale: 0
  m_Children:
  - {fileID: 1923376495}
  - {fileID: 1264073060}
  - {fileID: 726960242}
  m_Father: {fileID: 0}
  m_RootOrder: 5
  m_LocalEulerAnglesHint: {x: 0, y: 0, z: 0}
--- !u!1 &1255218387
GameObject:
  m_ObjectHideFlags: 0
  m_CorrespondingSourceObject: {fileID: 0}
  m_PrefabInstance: {fileID: 0}
  m_PrefabAsset: {fileID: 0}
  serializedVersion: 6
  m_Component:
  - component: {fileID: 1255218392}
  - component: {fileID: 1255218391}
  - component: {fileID: 1255218389}
  - component: {fileID: 1255218388}
  m_Layer: 0
  m_Name: Main Camera
  m_TagString: MainCamera
  m_Icon: {fileID: 0}
  m_NavMeshLayer: 0
  m_StaticEditorFlags: 0
  m_IsActive: 1
--- !u!81 &1255218388
AudioListener:
  m_ObjectHideFlags: 0
  m_CorrespondingSourceObject: {fileID: 0}
  m_PrefabInstance: {fileID: 0}
  m_PrefabAsset: {fileID: 0}
  m_GameObject: {fileID: 1255218387}
  m_Enabled: 1
--- !u!124 &1255218389
Behaviour:
  m_ObjectHideFlags: 0
  m_CorrespondingSourceObject: {fileID: 0}
  m_PrefabInstance: {fileID: 0}
  m_PrefabAsset: {fileID: 0}
  m_GameObject: {fileID: 1255218387}
  m_Enabled: 1
--- !u!20 &1255218391
Camera:
  m_ObjectHideFlags: 0
  m_CorrespondingSourceObject: {fileID: 0}
  m_PrefabInstance: {fileID: 0}
  m_PrefabAsset: {fileID: 0}
  m_GameObject: {fileID: 1255218387}
  m_Enabled: 1
  serializedVersion: 2
  m_ClearFlags: 1
  m_BackGroundColor: {r: 0.33088237, g: 0.33088237, b: 0.33088237, a: 0.019607844}
  m_projectionMatrixMode: 1
  m_GateFitMode: 2
  m_FOVAxisMode: 0
  m_SensorSize: {x: 36, y: 24}
  m_LensShift: {x: 0, y: 0}
  m_FocalLength: 50
  m_NormalizedViewPortRect:
    serializedVersion: 2
    x: 0
    y: 0
    width: 1
    height: 1
  near clip plane: 0.3
  far clip plane: 1000
  field of view: 60
  orthographic: 1
  orthographic size: 7.89
  m_Depth: -1
  m_CullingMask:
    serializedVersion: 2
    m_Bits: 4294967295
  m_RenderingPath: -1
  m_TargetTexture: {fileID: 0}
  m_TargetDisplay: 0
  m_TargetEye: 3
  m_HDR: 0
  m_AllowMSAA: 1
  m_AllowDynamicResolution: 0
  m_ForceIntoRT: 0
  m_OcclusionCulling: 1
  m_StereoConvergence: 10
  m_StereoSeparation: 0.022
--- !u!4 &1255218392
Transform:
  m_ObjectHideFlags: 0
  m_CorrespondingSourceObject: {fileID: 0}
  m_PrefabInstance: {fileID: 0}
  m_PrefabAsset: {fileID: 0}
  m_GameObject: {fileID: 1255218387}
  m_LocalRotation: {x: 0, y: 0, z: 0, w: 1}
  m_LocalPosition: {x: 0, y: 0, z: -10}
  m_LocalScale: {x: 1, y: 1, z: 1}
  m_ConstrainProportionsScale: 0
  m_Children: []
  m_Father: {fileID: 0}
  m_RootOrder: 0
  m_LocalEulerAnglesHint: {x: 0, y: 0, z: 0}
--- !u!1 &1264073059
GameObject:
  m_ObjectHideFlags: 0
  m_CorrespondingSourceObject: {fileID: 0}
  m_PrefabInstance: {fileID: 0}
  m_PrefabAsset: {fileID: 0}
  serializedVersion: 6
  m_Component:
  - component: {fileID: 1264073060}
  - component: {fileID: 1264073062}
  - component: {fileID: 1264073061}
  m_Layer: 0
  m_Name: rectangle (1)
  m_TagString: Untagged
  m_Icon: {fileID: 0}
  m_NavMeshLayer: 0
  m_StaticEditorFlags: 0
  m_IsActive: 1
--- !u!4 &1264073060
Transform:
  m_ObjectHideFlags: 0
  m_CorrespondingSourceObject: {fileID: 0}
  m_PrefabInstance: {fileID: 0}
  m_PrefabAsset: {fileID: 0}
  m_GameObject: {fileID: 1264073059}
  m_LocalRotation: {x: 0, y: 0, z: 0, w: 1}
  m_LocalPosition: {x: 10.99, y: 0.79, z: 0}
  m_LocalScale: {x: 0.33749953, y: 1.7625004, z: 1}
  m_ConstrainProportionsScale: 0
  m_Children: []
  m_Father: {fileID: 1222380869}
  m_RootOrder: 1
  m_LocalEulerAnglesHint: {x: 0, y: 0, z: 0}
--- !u!61 &1264073061
BoxCollider2D:
  m_ObjectHideFlags: 0
  m_CorrespondingSourceObject: {fileID: 0}
  m_PrefabInstance: {fileID: 0}
  m_PrefabAsset: {fileID: 0}
  m_GameObject: {fileID: 1264073059}
  m_Enabled: 1
  m_Density: 1
  m_Material: {fileID: 0}
  m_IsTrigger: 0
  m_UsedByEffector: 0
  m_UsedByComposite: 0
  m_Offset: {x: 0, y: 0}
  m_SpriteTilingProperty:
    border: {x: 0, y: 0, z: 0, w: 0}
    pivot: {x: 0.5, y: 0.5}
    oldSize: {x: 8.5, y: 8.5}
    newSize: {x: 1, y: 1}
    adaptiveTilingThreshold: 0.5
    drawMode: 0
    adaptiveTiling: 0
  m_AutoTiling: 0
  serializedVersion: 2
  m_Size: {x: 8.5, y: 8.5}
  m_EdgeRadius: 0
--- !u!212 &1264073062
SpriteRenderer:
  m_ObjectHideFlags: 0
  m_CorrespondingSourceObject: {fileID: 0}
  m_PrefabInstance: {fileID: 0}
  m_PrefabAsset: {fileID: 0}
  m_GameObject: {fileID: 1264073059}
  m_Enabled: 1
  m_CastShadows: 0
  m_ReceiveShadows: 0
  m_DynamicOccludee: 1
  m_StaticShadowCaster: 0
  m_MotionVectors: 1
  m_LightProbeUsage: 1
  m_ReflectionProbeUsage: 1
  m_RayTracingMode: 0
  m_RayTraceProcedural: 0
  m_RenderingLayerMask: 1
  m_RendererPriority: 0
  m_Materials:
  - {fileID: 10754, guid: 0000000000000000f000000000000000, type: 0}
  m_StaticBatchInfo:
    firstSubMesh: 0
    subMeshCount: 0
  m_StaticBatchRoot: {fileID: 0}
  m_ProbeAnchor: {fileID: 0}
  m_LightProbeVolumeOverride: {fileID: 0}
  m_ScaleInLightmap: 1
  m_ReceiveGI: 1
  m_PreserveUVs: 0
  m_IgnoreNormalsForChartDetection: 0
  m_ImportantGI: 0
  m_StitchLightmapSeams: 1
  m_SelectedEditorRenderState: 0
  m_MinimumChartSize: 4
  m_AutoUVMaxDistance: 0.5
  m_AutoUVMaxAngle: 89
  m_LightmapParameters: {fileID: 0}
  m_SortingLayerID: 0
  m_SortingLayer: 0
  m_SortingOrder: 0
  m_Sprite: {fileID: 21300000, guid: b79834adeb585104c84d30e7530c3d2b, type: 3}
  m_Color: {r: 0, g: 0, b: 0, a: 1}
  m_FlipX: 0
  m_FlipY: 0
  m_DrawMode: 0
  m_Size: {x: 1, y: 1}
  m_AdaptiveModeThreshold: 0.5
  m_SpriteTileMode: 0
  m_WasSpriteAssigned: 1
  m_MaskInteraction: 0
  m_SpriteSortPoint: 0
--- !u!1 &1294005562 stripped
GameObject:
  m_CorrespondingSourceObject: {fileID: 5753565731765639248, guid: 4c304d62aa6cec94e9ba91dc251dafee, type: 3}
  m_PrefabInstance: {fileID: 1836228784}
  m_PrefabAsset: {fileID: 0}
--- !u!50 &1294005566
Rigidbody2D:
  serializedVersion: 4
  m_ObjectHideFlags: 0
  m_CorrespondingSourceObject: {fileID: 0}
  m_PrefabInstance: {fileID: 0}
  m_PrefabAsset: {fileID: 0}
  m_GameObject: {fileID: 1294005562}
  m_BodyType: 0
  m_Simulated: 1
  m_UseFullKinematicContacts: 0
  m_UseAutoMass: 0
  m_Mass: 1
  m_LinearDrag: 0
  m_AngularDrag: 0.05
  m_GravityScale: 1
  m_Material: {fileID: 0}
  m_Interpolate: 0
  m_SleepingMode: 1
  m_CollisionDetection: 0
  m_Constraints: 0
--- !u!60 &1294005567
PolygonCollider2D:
  m_ObjectHideFlags: 0
  m_CorrespondingSourceObject: {fileID: 0}
  m_PrefabInstance: {fileID: 0}
  m_PrefabAsset: {fileID: 0}
  m_GameObject: {fileID: 1294005562}
  m_Enabled: 1
  m_Density: 1
  m_Material: {fileID: 0}
  m_IsTrigger: 0
  m_UsedByEffector: 0
  m_UsedByComposite: 0
  m_Offset: {x: 0, y: 0}
  m_SpriteTilingProperty:
    border: {x: 0, y: 0, z: 0, w: 0}
    pivot: {x: 0.5, y: 0.5}
    oldSize: {x: 2.74, y: 3.62}
    newSize: {x: 2.74, y: 3.62}
    adaptiveTilingThreshold: 0.5
    drawMode: 0
    adaptiveTiling: 0
  m_AutoTiling: 0
  m_Points:
    m_Paths:
    - - {x: 1.3, y: -1.5999999}
      - {x: 1.3299999, y: -1.53}
      - {x: 1.37, y: -1.43}
      - {x: 1.37, y: -1.12}
      - {x: 1.36, y: -1.09}
      - {x: 1.31, y: -0.97999996}
      - {x: 1.28, y: -0.93}
      - {x: 1.16, y: -0.76}
      - {x: 1.09, y: -0.64}
      - {x: 0.96999997, y: -0.47}
      - {x: 0.9, y: -0.35}
      - {x: 0.79999995, y: -0.19999999}
      - {x: 0.71999997, y: -0.089999996}
      - {x: 0.71, y: -0.06}
      - {x: 0.61, y: 0.089999996}
      - {x: 0.53, y: 0.19999999}
      - {x: 0.52, y: 0.22999999}
      - {x: 0.42, y: 0.38}
      - {x: 0.34, y: 0.48999998}
      - {x: 0.32999998, y: 0.52}
      - {x: 0.22999999, y: 0.66999996}
      - {x: 0.14999999, y: 0.78}
      - {x: 0.14, y: 0.81}
      - {x: 0.099999994, y: 0.87}
      - {x: -0.04, y: 1.0699999}
      - {x: -0.049999997, y: 1.1}
      - {x: -0.17, y: 1.27}
      - {x: -0.24, y: 1.39}
      - {x: -0.38, y: 1.5999999}
      - {x: -0.48, y: 1.6999999}
      - {x: -0.53999996, y: 1.75}
      - {x: -0.65, y: 1.8}
      - {x: -0.66999996, y: 1.81}
      - {x: -0.98999995, y: 1.81}
      - {x: -1.0699999, y: 1.78}
      - {x: -1.1999999, y: 1.6999999}
      - {x: -1.3, y: 1.5999999}
      - {x: -1.3299999, y: 1.53}
      - {x: -1.37, y: 1.43}
      - {x: -1.37, y: 1.12}
      - {x: -1.3399999, y: 1.04}
      - {x: -1.28, y: 0.93}
      - {x: -1.18, y: 0.78999996}
      - {x: -1.11, y: 0.66999996}
      - {x: -1.01, y: 0.52}
      - {x: -0.93, y: 0.41}
      - {x: -0.91999996, y: 0.38}
      - {x: -0.82, y: 0.22999999}
      - {x: -0.74, y: 0.12}
      - {x: -0.72999996, y: 0.089999996}
      - {x: -0.61, y: -0.08}
      - {x: -0.53999996, y: -0.19999999}
      - {x: -0.42, y: -0.37}
      - {x: -0.35, y: -0.48999998}
      - {x: -0.25, y: -0.64}
      - {x: -0.17, y: -0.75}
      - {x: -0.16, y: -0.78}
      - {x: -0.04, y: -0.95}
      - {x: 0.03, y: -1.0699999}
      - {x: 0.14999999, y: -1.24}
      - {x: 0.22, y: -1.36}
      - {x: 0.38, y: -1.5999999}
      - {x: 0.48, y: -1.6999999}
      - {x: 0.53999996, y: -1.75}
      - {x: 0.65, y: -1.8}
      - {x: 0.68, y: -1.81}
      - {x: 0.98999995, y: -1.81}
      - {x: 1.02, y: -1.8}
      - {x: 1.09, y: -1.77}
      - {x: 1.1999999, y: -1.6999999}
--- !u!1 &1323253984 stripped
GameObject:
  m_CorrespondingSourceObject: {fileID: 9201399967573541610, guid: 4c304d62aa6cec94e9ba91dc251dafee, type: 3}
  m_PrefabInstance: {fileID: 1836228784}
  m_PrefabAsset: {fileID: 0}
--- !u!50 &1323253988
Rigidbody2D:
  serializedVersion: 4
  m_ObjectHideFlags: 0
  m_CorrespondingSourceObject: {fileID: 0}
  m_PrefabInstance: {fileID: 0}
  m_PrefabAsset: {fileID: 0}
  m_GameObject: {fileID: 1323253984}
  m_BodyType: 0
  m_Simulated: 1
  m_UseFullKinematicContacts: 0
  m_UseAutoMass: 0
  m_Mass: 1
  m_LinearDrag: 0
  m_AngularDrag: 0.05
  m_GravityScale: 1
  m_Material: {fileID: 0}
  m_Interpolate: 0
  m_SleepingMode: 1
  m_CollisionDetection: 0
  m_Constraints: 0
--- !u!60 &1323253989
PolygonCollider2D:
  m_ObjectHideFlags: 0
  m_CorrespondingSourceObject: {fileID: 0}
  m_PrefabInstance: {fileID: 0}
  m_PrefabAsset: {fileID: 0}
  m_GameObject: {fileID: 1323253984}
  m_Enabled: 1
  m_Density: 1
  m_Material: {fileID: 0}
  m_IsTrigger: 0
  m_UsedByEffector: 0
  m_UsedByComposite: 0
  m_Offset: {x: 0, y: 0}
  m_SpriteTilingProperty:
    border: {x: 0, y: 0, z: 0, w: 0}
    pivot: {x: 0.5, y: 0.5}
    oldSize: {x: 1.22, y: 7.15}
    newSize: {x: 1.22, y: 7.15}
    adaptiveTilingThreshold: 0.5
    drawMode: 0
    adaptiveTiling: 0
  m_AutoTiling: 0
  m_Points:
    m_Paths:
    - - {x: 0.53, y: 3.355}
      - {x: 0.38, y: 3.485}
      - {x: 0.22, y: 3.5749998}
      - {x: -0.19999999, y: 3.5749998}
      - {x: -0.26, y: 3.5649998}
      - {x: -0.53999996, y: 3.365}
      - {x: -0.61, y: 3.175}
      - {x: -0.61, y: -3.165}
      - {x: -0.53, y: -3.365}
      - {x: -0.26999998, y: -3.5749998}
      - {x: 0.21, y: -3.5749998}
      - {x: 0.39999998, y: -3.5049999}
      - {x: 0.61, y: -3.215}
      - {x: 0.61, y: 3.165}
--- !u!1 &1457290696 stripped
GameObject:
  m_CorrespondingSourceObject: {fileID: 8558271037791414740, guid: 4c304d62aa6cec94e9ba91dc251dafee, type: 3}
  m_PrefabInstance: {fileID: 1836228784}
  m_PrefabAsset: {fileID: 0}
--- !u!50 &1457290700
Rigidbody2D:
  serializedVersion: 4
  m_ObjectHideFlags: 0
  m_CorrespondingSourceObject: {fileID: 0}
  m_PrefabInstance: {fileID: 0}
  m_PrefabAsset: {fileID: 0}
  m_GameObject: {fileID: 1457290696}
  m_BodyType: 0
  m_Simulated: 1
  m_UseFullKinematicContacts: 0
  m_UseAutoMass: 0
  m_Mass: 1
  m_LinearDrag: 0
  m_AngularDrag: 0.05
  m_GravityScale: 1
  m_Material: {fileID: 0}
  m_Interpolate: 0
  m_SleepingMode: 1
  m_CollisionDetection: 0
  m_Constraints: 0
--- !u!60 &1457290701
PolygonCollider2D:
  m_ObjectHideFlags: 0
  m_CorrespondingSourceObject: {fileID: 0}
  m_PrefabInstance: {fileID: 0}
  m_PrefabAsset: {fileID: 0}
  m_GameObject: {fileID: 1457290696}
  m_Enabled: 1
  m_Density: 1
  m_Material: {fileID: 0}
  m_IsTrigger: 0
  m_UsedByEffector: 0
  m_UsedByComposite: 0
  m_Offset: {x: 0, y: 0}
  m_SpriteTilingProperty:
    border: {x: 0, y: 0, z: 0, w: 0}
    pivot: {x: 0.5, y: 0.5}
    oldSize: {x: 1.87, y: 4.01}
    newSize: {x: 1.87, y: 4.01}
    adaptiveTilingThreshold: 0.5
    drawMode: 0
    adaptiveTiling: 0
  m_AutoTiling: 0
  m_Points:
    m_Paths:
    - - {x: 0.074999996, y: -1.785}
      - {x: 0.13499999, y: -1.625}
      - {x: 0.155, y: -1.555}
      - {x: 0.33499998, y: -0.895}
      - {x: 0.405, y: -0.635}
      - {x: 0.49499997, y: -0.305}
      - {x: 0.805, y: 0.835}
      - {x: 0.865, y: 1.055}
      - {x: 0.935, y: 1.3149999}
      - {x: 0.935, y: 1.625}
      - {x: 0.92499995, y: 1.655}
      - {x: 0.895, y: 1.7249999}
      - {x: 0.865, y: 1.785}
      - {x: 0.765, y: 1.895}
      - {x: 0.66499996, y: 1.9649999}
      - {x: 0.555, y: 2.0049999}
      - {x: 0.24499999, y: 2.0049999}
      - {x: 0.21499999, y: 1.995}
      - {x: 0.145, y: 1.9649999}
      - {x: 0.035, y: 1.895}
      - {x: -0.074999996, y: 1.785}
      - {x: -0.13499999, y: 1.625}
      - {x: -0.155, y: 1.555}
      - {x: -0.555, y: 0.085}
      - {x: -0.565, y: 0.044999998}
      - {x: -0.685, y: -0.39499998}
      - {x: -0.755, y: -0.655}
      - {x: -0.935, y: -1.3149999}
      - {x: -0.935, y: -1.625}
      - {x: -0.92499995, y: -1.655}
      - {x: -0.875, y: -1.765}
      - {x: -0.825, y: -1.8249999}
      - {x: -0.755, y: -1.895}
      - {x: -0.695, y: -1.9449999}
      - {x: -0.585, y: -1.995}
      - {x: -0.555, y: -2.0049999}
      - {x: -0.24499999, y: -2.0049999}
      - {x: -0.21499999, y: -1.995}
      - {x: -0.085, y: -1.935}
      - {x: -0.044999998, y: -1.905}
--- !u!1 &1483113297
GameObject:
  m_ObjectHideFlags: 0
  m_CorrespondingSourceObject: {fileID: 0}
  m_PrefabInstance: {fileID: 0}
  m_PrefabAsset: {fileID: 0}
  serializedVersion: 6
  m_Component:
  - component: {fileID: 1483113299}
  - component: {fileID: 1483113298}
  m_Layer: 0
  m_Name: Directional light
  m_TagString: Untagged
  m_Icon: {fileID: 0}
  m_NavMeshLayer: 0
  m_StaticEditorFlags: 0
  m_IsActive: 1
--- !u!108 &1483113298
Light:
  m_ObjectHideFlags: 0
  m_CorrespondingSourceObject: {fileID: 0}
  m_PrefabInstance: {fileID: 0}
  m_PrefabAsset: {fileID: 0}
  m_GameObject: {fileID: 1483113297}
  m_Enabled: 1
  serializedVersion: 10
  m_Type: 1
  m_Shape: 0
  m_Color: {r: 1, g: 1, b: 1, a: 1}
  m_Intensity: 1
  m_Range: 10
  m_SpotAngle: 30
  m_InnerSpotAngle: 21.80208
  m_CookieSize: 10
  m_Shadows:
    m_Type: 0
    m_Resolution: -1
    m_CustomResolution: -1
    m_Strength: 1
    m_Bias: 0.05
    m_NormalBias: 0.4
    m_NearPlane: 0.2
    m_CullingMatrixOverride:
      e00: 1
      e01: 0
      e02: 0
      e03: 0
      e10: 0
      e11: 1
      e12: 0
      e13: 0
      e20: 0
      e21: 0
      e22: 1
      e23: 0
      e30: 0
      e31: 0
      e32: 0
      e33: 1
    m_UseCullingMatrixOverride: 0
  m_Cookie: {fileID: 0}
  m_DrawHalo: 0
  m_Flare: {fileID: 0}
  m_RenderMode: 0
  m_CullingMask:
    serializedVersion: 2
    m_Bits: 4294967295
  m_RenderingLayerMask: 1
  m_Lightmapping: 4
  m_LightShadowCasterMode: 0
  m_AreaSize: {x: 1, y: 1}
  m_BounceIntensity: 1
  m_ColorTemperature: 6570
  m_UseColorTemperature: 0
  m_BoundingSphereOverride: {x: 0, y: 0, z: 0, w: 0}
  m_UseBoundingSphereOverride: 0
  m_UseViewFrustumForShadowCasterCull: 1
  m_ShadowRadius: 0
  m_ShadowAngle: 0
--- !u!4 &1483113299
Transform:
  m_ObjectHideFlags: 0
  m_CorrespondingSourceObject: {fileID: 0}
  m_PrefabInstance: {fileID: 0}
  m_PrefabAsset: {fileID: 0}
  m_GameObject: {fileID: 1483113297}
  m_LocalRotation: {x: 0.06608549, y: -0.06282289, z: 0.03278826, w: 0.9952944}
  m_LocalPosition: {x: 0.33376312, y: 1.3016253, z: -6.92}
  m_LocalScale: {x: 1, y: 1, z: 1}
  m_ConstrainProportionsScale: 0
  m_Children: []
  m_Father: {fileID: 0}
  m_RootOrder: 4
  m_LocalEulerAnglesHint: {x: 0, y: 0, z: 0}
--- !u!1 &1692114980
GameObject:
  m_ObjectHideFlags: 0
  m_CorrespondingSourceObject: {fileID: 0}
  m_PrefabInstance: {fileID: 0}
  m_PrefabAsset: {fileID: 0}
  serializedVersion: 6
  m_Component:
  - component: {fileID: 1692114983}
  - component: {fileID: 1692114982}
  - component: {fileID: 1692114981}
  m_Layer: 0
  m_Name: MouseInputRepresentation
  m_TagString: Untagged
  m_Icon: {fileID: 0}
  m_NavMeshLayer: 0
  m_StaticEditorFlags: 0
  m_IsActive: 1
--- !u!114 &1692114981
MonoBehaviour:
  m_ObjectHideFlags: 0
  m_CorrespondingSourceObject: {fileID: 0}
  m_PrefabInstance: {fileID: 0}
  m_PrefabAsset: {fileID: 0}
  m_GameObject: {fileID: 1692114980}
  m_Enabled: 1
  m_EditorHideFlags: 0
  m_Script: {fileID: 11500000, guid: 247d5e1c8319dba47bf97c3d1774713e, type: 3}
  m_Name: 
  m_EditorClassIdentifier: 
--- !u!120 &1692114982
LineRenderer:
  m_ObjectHideFlags: 0
  m_CorrespondingSourceObject: {fileID: 0}
  m_PrefabInstance: {fileID: 0}
  m_PrefabAsset: {fileID: 0}
  m_GameObject: {fileID: 1692114980}
  m_Enabled: 1
  m_CastShadows: 1
  m_ReceiveShadows: 1
  m_DynamicOccludee: 1
  m_StaticShadowCaster: 0
  m_MotionVectors: 0
  m_LightProbeUsage: 1
  m_ReflectionProbeUsage: 1
  m_RayTracingMode: 0
  m_RayTraceProcedural: 0
  m_RenderingLayerMask: 1
  m_RendererPriority: 0
  m_Materials:
  - {fileID: 10754, guid: 0000000000000000f000000000000000, type: 0}
  m_StaticBatchInfo:
    firstSubMesh: 0
    subMeshCount: 0
  m_StaticBatchRoot: {fileID: 0}
  m_ProbeAnchor: {fileID: 0}
  m_LightProbeVolumeOverride: {fileID: 0}
  m_ScaleInLightmap: 1
  m_ReceiveGI: 1
  m_PreserveUVs: 0
  m_IgnoreNormalsForChartDetection: 0
  m_ImportantGI: 0
  m_StitchLightmapSeams: 1
  m_SelectedEditorRenderState: 3
  m_MinimumChartSize: 4
  m_AutoUVMaxDistance: 0.5
  m_AutoUVMaxAngle: 89
  m_LightmapParameters: {fileID: 0}
  m_SortingLayerID: 0
  m_SortingLayer: 0
  m_SortingOrder: 0
  m_Positions:
  - {x: 0, y: 0, z: 0}
  - {x: 0, y: 0, z: 1}
  m_Parameters:
    serializedVersion: 3
    widthMultiplier: 1
    widthCurve:
      serializedVersion: 2
      m_Curve:
      - serializedVersion: 3
        time: 0
        value: 0.075
        inSlope: 0
        outSlope: 0
        tangentMode: 0
        weightedMode: 0
        inWeight: 0.33333334
        outWeight: 0.33333334
      - serializedVersion: 3
        time: 1
        value: 0.075
        inSlope: 0
        outSlope: 0
        tangentMode: 0
        weightedMode: 0
        inWeight: 0.33333334
        outWeight: 0.33333334
      m_PreInfinity: 2
      m_PostInfinity: 2
      m_RotationOrder: 4
    colorGradient:
      serializedVersion: 2
      key0: {r: 1, g: 0.39607844, b: 0, a: 1}
      key1: {r: 1, g: 0, b: 0, a: 1}
      key2: {r: 0, g: 0, b: 0, a: 0}
      key3: {r: 0, g: 0, b: 0, a: 0}
      key4: {r: 0, g: 0, b: 0, a: 0}
      key5: {r: 0, g: 0, b: 0, a: 0}
      key6: {r: 0, g: 0, b: 0, a: 0}
      key7: {r: 0, g: 0, b: 0, a: 0}
      ctime0: 0
      ctime1: 65535
      ctime2: 0
      ctime3: 0
      ctime4: 0
      ctime5: 0
      ctime6: 0
      ctime7: 0
      atime0: 0
      atime1: 65535
      atime2: 0
      atime3: 0
      atime4: 0
      atime5: 0
      atime6: 0
      atime7: 0
      m_Mode: 0
      m_NumColorKeys: 2
      m_NumAlphaKeys: 2
    numCornerVertices: 0
    numCapVertices: 0
    alignment: 0
    textureMode: 0
    shadowBias: 0
    generateLightingData: 0
  m_UseWorldSpace: 1
  m_Loop: 0
--- !u!4 &1692114983
Transform:
  m_ObjectHideFlags: 0
  m_CorrespondingSourceObject: {fileID: 0}
  m_PrefabInstance: {fileID: 0}
  m_PrefabAsset: {fileID: 0}
  m_GameObject: {fileID: 1692114980}
  m_LocalRotation: {x: 0, y: 0, z: 0, w: 1}
  m_LocalPosition: {x: 2.6793168, y: 1.1532573, z: 0}
  m_LocalScale: {x: 1, y: 1, z: 1}
  m_ConstrainProportionsScale: 0
  m_Children: []
  m_Father: {fileID: 0}
  m_RootOrder: 3
  m_LocalEulerAnglesHint: {x: 0, y: 0, z: 0}
--- !u!1 &1719452528
GameObject:
  m_ObjectHideFlags: 0
  m_CorrespondingSourceObject: {fileID: 0}
  m_PrefabInstance: {fileID: 0}
  m_PrefabAsset: {fileID: 0}
  serializedVersion: 6
  m_Component:
  - component: {fileID: 1719452529}
  m_Layer: 0
  m_Name: Cuttables
  m_TagString: Untagged
  m_Icon: {fileID: 0}
  m_NavMeshLayer: 0
  m_StaticEditorFlags: 0
  m_IsActive: 1
--- !u!4 &1719452529
Transform:
  m_ObjectHideFlags: 0
  m_CorrespondingSourceObject: {fileID: 0}
  m_PrefabInstance: {fileID: 0}
  m_PrefabAsset: {fileID: 0}
  m_GameObject: {fileID: 1719452528}
  m_LocalRotation: {x: 0, y: 0, z: 0, w: 1}
  m_LocalPosition: {x: 0, y: 0, z: 0}
  m_LocalScale: {x: 1, y: 1, z: 1}
  m_ConstrainProportionsScale: 0
  m_Children:
  - {fileID: 1217011946}
  - {fileID: 61679416}
  - {fileID: 556149665}
  - {fileID: 707348657}
  - {fileID: 55186290}
  - {fileID: 849185809}
  m_Father: {fileID: 0}
  m_RootOrder: 6
  m_LocalEulerAnglesHint: {x: 0, y: 0, z: 0}
--- !u!1 &1739813051 stripped
GameObject:
  m_CorrespondingSourceObject: {fileID: 7255141837706215634, guid: 4c304d62aa6cec94e9ba91dc251dafee, type: 3}
  m_PrefabInstance: {fileID: 1836228784}
  m_PrefabAsset: {fileID: 0}
--- !u!50 &1739813055
Rigidbody2D:
  serializedVersion: 4
  m_ObjectHideFlags: 0
  m_CorrespondingSourceObject: {fileID: 0}
  m_PrefabInstance: {fileID: 0}
  m_PrefabAsset: {fileID: 0}
  m_GameObject: {fileID: 1739813051}
  m_BodyType: 0
  m_Simulated: 1
  m_UseFullKinematicContacts: 0
  m_UseAutoMass: 0
  m_Mass: 1
  m_LinearDrag: 0
  m_AngularDrag: 0.05
  m_GravityScale: 1
  m_Material: {fileID: 0}
  m_Interpolate: 0
  m_SleepingMode: 1
  m_CollisionDetection: 0
  m_Constraints: 0
--- !u!60 &1739813056
PolygonCollider2D:
  m_ObjectHideFlags: 0
  m_CorrespondingSourceObject: {fileID: 0}
  m_PrefabInstance: {fileID: 0}
  m_PrefabAsset: {fileID: 0}
  m_GameObject: {fileID: 1739813051}
  m_Enabled: 1
  m_Density: 1
  m_Material: {fileID: 0}
  m_IsTrigger: 0
  m_UsedByEffector: 0
  m_UsedByComposite: 0
  m_Offset: {x: 0, y: 0}
  m_SpriteTilingProperty:
    border: {x: 0, y: 0, z: 0, w: 0}
    pivot: {x: 0.5, y: 0.5}
    oldSize: {x: 2.93, y: 3.49}
    newSize: {x: 2.93, y: 3.49}
    adaptiveTilingThreshold: 0.5
    drawMode: 0
    adaptiveTiling: 0
  m_AutoTiling: 0
  m_Points:
    m_Paths:
    - - {x: -0.505, y: -1.5649999}
      - {x: -0.435, y: -1.485}
      - {x: -0.16499999, y: -1.125}
      - {x: -0.13499999, y: -1.095}
      - {x: -0.024999999, y: -0.965}
      - {x: 0.024999999, y: -0.885}
      - {x: 0.295, y: -0.525}
      - {x: 0.36499998, y: -0.445}
      - {x: 0.695, y: -0.005}
      - {x: 0.765, y: 0.074999996}
      - {x: 1.035, y: 0.435}
      - {x: 1.0649999, y: 0.465}
      - {x: 1.175, y: 0.59499997}
      - {x: 1.235, y: 0.685}
      - {x: 1.3349999, y: 0.825}
      - {x: 1.395, y: 0.905}
      - {x: 1.435, y: 0.97499996}
      - {x: 1.4549999, y: 1.025}
      - {x: 1.4649999, y: 1.055}
      - {x: 1.4649999, y: 1.365}
      - {x: 1.4549999, y: 1.395}
      - {x: 1.405, y: 1.505}
      - {x: 1.355, y: 1.5749999}
      - {x: 1.255, y: 1.675}
      - {x: 1.185, y: 1.7049999}
      - {x: 1.0849999, y: 1.745}
      - {x: 0.775, y: 1.745}
      - {x: 0.745, y: 1.735}
      - {x: 0.635, y: 1.685}
      - {x: 0.565, y: 1.635}
      - {x: 0.465, y: 1.535}
      - {x: 0.305, y: 1.305}
      - {x: 0.235, y: 1.225}
      - {x: -0.035, y: 0.865}
      - {x: -0.065, y: 0.835}
      - {x: -0.13499999, y: 0.745}
      - {x: -0.295, y: 0.525}
      - {x: -0.36499998, y: 0.445}
      - {x: -0.435, y: 0.355}
      - {x: -0.695, y: 0.005}
      - {x: -0.765, y: -0.074999996}
      - {x: -0.835, y: -0.16499999}
      - {x: -0.935, y: -0.305}
      - {x: -1.235, y: -0.695}
      - {x: -1.395, y: -0.895}
      - {x: -1.435, y: -0.97499996}
      - {x: -1.4549999, y: -1.025}
      - {x: -1.4649999, y: -1.055}
      - {x: -1.4649999, y: -1.365}
      - {x: -1.4549999, y: -1.395}
      - {x: -1.405, y: -1.505}
      - {x: -1.355, y: -1.5749999}
      - {x: -1.255, y: -1.675}
      - {x: -1.115, y: -1.735}
      - {x: -1.0849999, y: -1.745}
      - {x: -0.775, y: -1.745}
      - {x: -0.745, y: -1.735}
      - {x: -0.635, y: -1.685}
      - {x: -0.565, y: -1.635}
--- !u!1001 &1836228784
PrefabInstance:
  m_ObjectHideFlags: 0
  serializedVersion: 2
  m_Modification:
    m_TransformParent: {fileID: 0}
    m_Modifications:
    - target: {fileID: 6978424902126474925, guid: 4c304d62aa6cec94e9ba91dc251dafee, type: 3}
      propertyPath: m_Name
      value: Player
      objectReference: {fileID: 0}
    - target: {fileID: 8075026345080803022, guid: 4c304d62aa6cec94e9ba91dc251dafee, type: 3}
      propertyPath: m_RootOrder
      value: 1
      objectReference: {fileID: 0}
    - target: {fileID: 8075026345080803022, guid: 4c304d62aa6cec94e9ba91dc251dafee, type: 3}
      propertyPath: m_LocalPosition.x
      value: -5.2917337
      objectReference: {fileID: 0}
    - target: {fileID: 8075026345080803022, guid: 4c304d62aa6cec94e9ba91dc251dafee, type: 3}
      propertyPath: m_LocalPosition.y
      value: -2.4350607
      objectReference: {fileID: 0}
    - target: {fileID: 8075026345080803022, guid: 4c304d62aa6cec94e9ba91dc251dafee, type: 3}
      propertyPath: m_LocalPosition.z
      value: 0
      objectReference: {fileID: 0}
    - target: {fileID: 8075026345080803022, guid: 4c304d62aa6cec94e9ba91dc251dafee, type: 3}
      propertyPath: m_LocalRotation.w
      value: 1
      objectReference: {fileID: 0}
    - target: {fileID: 8075026345080803022, guid: 4c304d62aa6cec94e9ba91dc251dafee, type: 3}
      propertyPath: m_LocalRotation.x
      value: 0
      objectReference: {fileID: 0}
    - target: {fileID: 8075026345080803022, guid: 4c304d62aa6cec94e9ba91dc251dafee, type: 3}
      propertyPath: m_LocalRotation.y
      value: 0
      objectReference: {fileID: 0}
    - target: {fileID: 8075026345080803022, guid: 4c304d62aa6cec94e9ba91dc251dafee, type: 3}
      propertyPath: m_LocalRotation.z
      value: 0
      objectReference: {fileID: 0}
    - target: {fileID: 8075026345080803022, guid: 4c304d62aa6cec94e9ba91dc251dafee, type: 3}
      propertyPath: m_LocalEulerAnglesHint.x
      value: 0
      objectReference: {fileID: 0}
    - target: {fileID: 8075026345080803022, guid: 4c304d62aa6cec94e9ba91dc251dafee, type: 3}
      propertyPath: m_LocalEulerAnglesHint.y
      value: 0
      objectReference: {fileID: 0}
    - target: {fileID: 8075026345080803022, guid: 4c304d62aa6cec94e9ba91dc251dafee, type: 3}
      propertyPath: m_LocalEulerAnglesHint.z
      value: 0
      objectReference: {fileID: 0}
    m_RemovedComponents: []
  m_SourcePrefab: {fileID: 100100000, guid: 4c304d62aa6cec94e9ba91dc251dafee, type: 3}
--- !u!1 &1923376494
GameObject:
  m_ObjectHideFlags: 0
  m_CorrespondingSourceObject: {fileID: 0}
  m_PrefabInstance: {fileID: 0}
  m_PrefabAsset: {fileID: 0}
  serializedVersion: 6
  m_Component:
  - component: {fileID: 1923376495}
  - component: {fileID: 1923376497}
  - component: {fileID: 1923376496}
  m_Layer: 0
  m_Name: rectangle
  m_TagString: Untagged
  m_Icon: {fileID: 0}
  m_NavMeshLayer: 0
  m_StaticEditorFlags: 0
  m_IsActive: 1
--- !u!4 &1923376495
Transform:
  m_ObjectHideFlags: 0
  m_CorrespondingSourceObject: {fileID: 0}
  m_PrefabInstance: {fileID: 0}
  m_PrefabAsset: {fileID: 0}
  m_GameObject: {fileID: 1923376494}
  m_LocalRotation: {x: 0, y: 0, z: 0, w: 1}
  m_LocalPosition: {x: -10.52, y: 0.79, z: 0}
  m_LocalScale: {x: 0.33749953, y: 1.7625004, z: 1}
  m_ConstrainProportionsScale: 0
  m_Children: []
  m_Father: {fileID: 1222380869}
  m_RootOrder: 0
  m_LocalEulerAnglesHint: {x: 0, y: 0, z: 0}
--- !u!61 &1923376496
BoxCollider2D:
  m_ObjectHideFlags: 0
  m_CorrespondingSourceObject: {fileID: 0}
  m_PrefabInstance: {fileID: 0}
  m_PrefabAsset: {fileID: 0}
  m_GameObject: {fileID: 1923376494}
  m_Enabled: 1
  m_Density: 1
  m_Material: {fileID: 0}
  m_IsTrigger: 0
  m_UsedByEffector: 0
  m_UsedByComposite: 0
  m_Offset: {x: 0, y: 0}
  m_SpriteTilingProperty:
    border: {x: 0, y: 0, z: 0, w: 0}
    pivot: {x: 0.5, y: 0.5}
    oldSize: {x: 8.5, y: 8.5}
    newSize: {x: 1, y: 1}
    adaptiveTilingThreshold: 0.5
    drawMode: 0
    adaptiveTiling: 0
  m_AutoTiling: 0
  serializedVersion: 2
  m_Size: {x: 8.5, y: 8.5}
  m_EdgeRadius: 0
--- !u!212 &1923376497
SpriteRenderer:
  m_ObjectHideFlags: 0
  m_CorrespondingSourceObject: {fileID: 0}
  m_PrefabInstance: {fileID: 0}
  m_PrefabAsset: {fileID: 0}
  m_GameObject: {fileID: 1923376494}
  m_Enabled: 1
  m_CastShadows: 0
  m_ReceiveShadows: 0
  m_DynamicOccludee: 1
  m_StaticShadowCaster: 0
  m_MotionVectors: 1
  m_LightProbeUsage: 1
  m_ReflectionProbeUsage: 1
  m_RayTracingMode: 0
  m_RayTraceProcedural: 0
  m_RenderingLayerMask: 1
  m_RendererPriority: 0
  m_Materials:
  - {fileID: 10754, guid: 0000000000000000f000000000000000, type: 0}
  m_StaticBatchInfo:
    firstSubMesh: 0
    subMeshCount: 0
  m_StaticBatchRoot: {fileID: 0}
  m_ProbeAnchor: {fileID: 0}
  m_LightProbeVolumeOverride: {fileID: 0}
  m_ScaleInLightmap: 1
  m_ReceiveGI: 1
  m_PreserveUVs: 0
  m_IgnoreNormalsForChartDetection: 0
  m_ImportantGI: 0
  m_StitchLightmapSeams: 1
  m_SelectedEditorRenderState: 0
  m_MinimumChartSize: 4
  m_AutoUVMaxDistance: 0.5
  m_AutoUVMaxAngle: 89
  m_LightmapParameters: {fileID: 0}
  m_SortingLayerID: 0
  m_SortingLayer: 0
  m_SortingOrder: 0
  m_Sprite: {fileID: 21300000, guid: b79834adeb585104c84d30e7530c3d2b, type: 3}
  m_Color: {r: 0, g: 0, b: 0, a: 1}
  m_FlipX: 0
  m_FlipY: 0
  m_DrawMode: 0
  m_Size: {x: 1, y: 1}
  m_AdaptiveModeThreshold: 0.5
  m_SpriteTileMode: 0
  m_WasSpriteAssigned: 1
  m_MaskInteraction: 0
  m_SpriteSortPoint: 0
--- !u!1 &2043441827 stripped
GameObject:
  m_CorrespondingSourceObject: {fileID: 671355260572820196, guid: 4c304d62aa6cec94e9ba91dc251dafee, type: 3}
  m_PrefabInstance: {fileID: 1836228784}
  m_PrefabAsset: {fileID: 0}
--- !u!50 &2043441831
Rigidbody2D:
  serializedVersion: 4
  m_ObjectHideFlags: 0
  m_CorrespondingSourceObject: {fileID: 0}
  m_PrefabInstance: {fileID: 0}
  m_PrefabAsset: {fileID: 0}
  m_GameObject: {fileID: 2043441827}
  m_BodyType: 0
  m_Simulated: 1
  m_UseFullKinematicContacts: 0
  m_UseAutoMass: 0
  m_Mass: 1
  m_LinearDrag: 0
  m_AngularDrag: 0.05
  m_GravityScale: 1
  m_Material: {fileID: 0}
  m_Interpolate: 0
  m_SleepingMode: 1
  m_CollisionDetection: 0
  m_Constraints: 0
--- !u!60 &2043441832
PolygonCollider2D:
  m_ObjectHideFlags: 0
  m_CorrespondingSourceObject: {fileID: 0}
  m_PrefabInstance: {fileID: 0}
  m_PrefabAsset: {fileID: 0}
  m_GameObject: {fileID: 2043441827}
  m_Enabled: 1
  m_Density: 1
  m_Material: {fileID: 0}
  m_IsTrigger: 0
  m_UsedByEffector: 0
  m_UsedByComposite: 0
  m_Offset: {x: 0, y: 0}
  m_SpriteTilingProperty:
    border: {x: 0, y: 0, z: 0, w: 0}
    pivot: {x: 0.5, y: 0.5}
    oldSize: {x: 2.74, y: 3.62}
    newSize: {x: 2.74, y: 3.62}
    adaptiveTilingThreshold: 0.5
    drawMode: 0
    adaptiveTiling: 0
  m_AutoTiling: 0
  m_Points:
    m_Paths:
    - - {x: 1.3, y: -1.5999999}
      - {x: 1.36, y: -1.4599999}
      - {x: 1.37, y: -1.43}
      - {x: 1.37, y: -1.12}
      - {x: 1.36, y: -1.09}
      - {x: 1.31, y: -0.97999996}
      - {x: 1.28, y: -0.93}
      - {x: 1.16, y: -0.76}
      - {x: 1.09, y: -0.64}
      - {x: 0.96999997, y: -0.47}
      - {x: 0.9, y: -0.35}
      - {x: 0.79999995, y: -0.19999999}
      - {x: 0.71999997, y: -0.089999996}
      - {x: 0.71, y: -0.06}
      - {x: 0.61, y: 0.089999996}
      - {x: 0.53, y: 0.19999999}
      - {x: 0.52, y: 0.22999999}
      - {x: 0.42, y: 0.38}
      - {x: 0.34, y: 0.48999998}
      - {x: 0.32999998, y: 0.52}
      - {x: 0.22999999, y: 0.66999996}
      - {x: 0.14999999, y: 0.78}
      - {x: 0.14, y: 0.81}
      - {x: 0.099999994, y: 0.87}
      - {x: -0.04, y: 1.0699999}
      - {x: -0.049999997, y: 1.1}
      - {x: -0.17, y: 1.27}
      - {x: -0.24, y: 1.39}
      - {x: -0.38, y: 1.5999999}
      - {x: -0.48, y: 1.6999999}
      - {x: -0.53999996, y: 1.75}
      - {x: -0.65, y: 1.8}
      - {x: -0.66999996, y: 1.81}
      - {x: -0.98999995, y: 1.81}
      - {x: -1.0699999, y: 1.78}
      - {x: -1.1999999, y: 1.6999999}
      - {x: -1.3, y: 1.5999999}
      - {x: -1.3299999, y: 1.53}
      - {x: -1.37, y: 1.43}
      - {x: -1.37, y: 1.12}
      - {x: -1.3399999, y: 1.04}
      - {x: -1.28, y: 0.93}
      - {x: -1.24, y: 0.87}
      - {x: -1.1, y: 0.66999996}
      - {x: -1.09, y: 0.64}
      - {x: -1.05, y: 0.58}
      - {x: -1.01, y: 0.53}
      - {x: -0.93, y: 0.41}
      - {x: -0.91999996, y: 0.38}
      - {x: -0.82, y: 0.22999999}
      - {x: -0.74, y: 0.12}
      - {x: -0.72999996, y: 0.089999996}
      - {x: -0.61, y: -0.08}
      - {x: -0.53999996, y: -0.19999999}
      - {x: -0.39999998, y: -0.39999998}
      - {x: -0.32999998, y: -0.52}
      - {x: -0.29, y: -0.58}
      - {x: -0.17, y: -0.75}
      - {x: -0.16, y: -0.78}
      - {x: -0.04, y: -0.95}
      - {x: 0.03, y: -1.0699999}
      - {x: 0.14999999, y: -1.24}
      - {x: 0.22, y: -1.36}
      - {x: 0.38, y: -1.5999999}
      - {x: 0.48, y: -1.6999999}
      - {x: 0.53999996, y: -1.75}
      - {x: 0.65, y: -1.8}
      - {x: 0.68, y: -1.81}
      - {x: 0.98999995, y: -1.81}
      - {x: 1.02, y: -1.8}
      - {x: 1.09, y: -1.77}
      - {x: 1.1999999, y: -1.6999999}
